2310 3292
1703 340 1774 372 221

644 435 883 477 Cistela
941 433 1368 488 sulphuripes.

941 523 1068 563 (K0y·)

383 620 494 648 Germ.
519 618 582 647 Ins.
616 627 686 657 pag.
714 619 783 649 162·

334 693 594 740 Descriptioni
625 704 645 725 a
678 693 723 725 cl.
755 691 910 724 Germar
936 690 1124 724 exhibitae
1158 691 1230 722 hoc
1264 700 1388 721 unum
1421 688 1530 725 addo,
1571 686 1780 721 foeminam

232 762 349 804 hujus
383 761 542 795 Cistelae
576 759 619 792 in
651 759 802 792 thorace
843 757 979 790 habere
1012 757 1130 790 lineas
1165 766 1231 787 seu
1269 755 1380 787 vittas
1417 754 1506 787 duas
1538 755 1656 797 rufae,
1698 754 1780 791 sub-

233 829 420 874 obliquas‚
460 826 694 869 latiusculas,
735 822 948 869 marginem
975 822 1137 856 thoracis
1165 820 1355 867 posticum
1382 830 1460 853 non
1487 821 1728 866 attingentes.

643 1037 881 1091 Lytta
955 1034 1370 1089 chalybea.

861 1125 941 1153 Tab.
966 1126 1006 1155 V.
1039 1124 1094 1163 fig.
1123 1129 1151 1157 9.

232 1226 275 1259 L,
303 1224 644 1261 violaceo-aenea,
692 1226 770 1252 atro
799 1217 1000 1262 subpilosa.

378 1285 544 1317 Tauscher
570 1286 620 1313 in:
655 1284 831 1312 Memoires
861 1282 901 1310 de
929 1282 961 1311 la
987 1282 1101 1311 Societ.
1132 1281 1170 1309 de
1201 1281 1344 1311 Moscou.
1381 1280 1475 1309 Tom.
1508 1280 1567 1309 ΙΙΙ.
1606 1288 1675 1319 pag.
1709 1280 1778 1311 153.

472 1344 552 1372 Tab.
576 1343 614 1371 X.
643 1341 696 1380 fig.
724 1344 772 1374 19.

380 1401 542 1432 Schoenh.
574 1400 669 1428 Tom.
694 1399 754 1428 III.
789 1408 859 1437 pag.
883 1400 934 1431 29.
980 1398 1083 1426 Oenas
1107 1396 1308 1436 chaiybaeus.

380 1461 513 1498 Dejean.
538 1459 605 1488 Cat.
638 1466 708 1497 pag.
732 1457 783 1488 75.

232 1521 386 1556 Habitat
410 1520 454 1552 in
484 1517 620 1552 Russia
646 1515 898 1548 meridionali.

331 1603 456 1638 Parvis
485 1602 619 1645 Lyttae
652 1598 815 1643 syriacae
847 1596 1118 1642 speciminibus
1147 1596 1208 1630 vix
1242 1596 1361 1638 major
1387 1604 1424 1629 et
1451 1608 1470 1629 a
1492 1597 1691 1639 Lyttarum
1720 1594 1775 1626 ha-

232 1672 316 1705 bitu
342 1681 420 1703 non
446 1668 634 1703 recedens.

335 1738 458 1782 Caput
491 1746 580 1768 cum
613 1734 764 1766 thorace
798 1730 1115 1764 atro-villosum:
1165 1730 1300 1773 elytra,
1349 1737 1386 1762 et
1419 1728 1619 1773 praecipue
1650 1739 1781 1761 eorum

231 1803 437 1850 margines,
476 1801 566 1846 pilis
600 1799 739 1844 parvis,
784 1797 981 1840 mollibus,
1028 1797 1117 1829 atris
1151 1796 1280 1828 obsita.
1357 1797 1485 1840 Elytra
1519 1796 1564 1829 ad
1591 1796 1780 1842 margines

234 1883 365 1905 omnes
397 1870 499 1903 linea
532 1867 683 1910 subtili,
732 1866 872 1898 elevata
907 1862 1123 1896 terminata:
1169 1862 1323 1907 punctis
1357 1862 1663 1905 confertissimis,
1713 1863 1781 1895 im-

231 1938 384 1983 pressis,
426 1934 693 1982 irregularibus
720 1932 860 1966 scab'ra:
902 1930 1201 1973 atro-coerulea,
1240 1929 1283 1962 in
1308 1929 1425 1963 viride
1453 1929 1656 1975 vergentia,

597 2148 997 2188 Stenostoma
1063 2153 1416 2185 rostratum.

852 2235 932 2264 Tab.
964 2235 1017 2264 IX.
1050 2234 1102 2274 fig.
1134 2238 1163 2267 3.

234 2333 287 2367 St.
314 2343 475 2366 aeneum
502 2331 810 2373 immaculatum,
850 2329 1007 2375 pedibus
1035 2329 1151 2362 flavis.

383 2396 478 2426 Fabr.
503 2396 553 2424 El.
584 2397 657 2425 Pars
680 2396 722 2425 ΙΙ.
751 2404 821 2435 pag.
847 2398 917 2432 361.
962 2395 1105 2433 Leptam
1133 2399 1273 2422 rostrata.

381 2454 469 2484 Latr.
492 2453 574 2483 Hist.
604 2453 698 2482 Tom.
726 2453 783 2482 XI.
812 2462 882 2492 pag.
909 2454 956 2485 15.
1004 2453 1183 2481 Oedemera
1210 2455 1349 2479 rostrata.

384 2512 469 2541 Latr.
495 2512 577 2541 Gen.
608 2512 703 2541 Tom.
728 2512 770 2541 11.
800 2520 870 2550 pag.
895 2513 966 2544 229.
1013 2495 1102 2539 Oed.⁴
1121 2515 1212 2538 rostr.
