2325 3286
552 299 625 331 206

570 396 754 440 ‘tepet-itur
786 396 935 427 thorace
967 393 1076 425 modo
1114 398 1192 423 toto
1227 397 1321 433 atre,
1367 390 1477 422 modo
1507 389 1648 431 adjecta
1675 391 1717 423 in
1745 392 1923 426 lateribus
1952 394 2101 425 macula

552 463 671 505 lutea,
726 461 834 494 modo
869 459 1070 491 subacneoz
1117 457 1235 501 elytra
1272 463 1363 489 sunt
1403 457 1461 489 vel
1501 463 1579 489 atra
1618 459 1778 491 maculis
1817 460 2097 506 irregularibus,

551 529 687 573 parx‘iS,
733 524 957 571 ferrugineis
986 535 1125 567 sparsa,
1166 524 1224 556 vel
1253 522 1409 556 maculis
1438 523 1497 556 his
1525 524 1728 565 majoribus
1757 532 1868 569 atque
1903 527 2098 560 interdum

549 595 663 627 tantis
702 600 818 636 tecta,
872 599 915 624 ut
954 591 1160 635 elytrorum
1196 591 1297 623 color
1331 591 1514 636 generalis
1549 590 1599 623 sit
1633 598 1794 624 testaceo
1815 592 2097 639 -ferrugineus,

548 659 786 703 paucioribus
815 659 926 691 modo
953 657 1131 700 maculis,
1172 656 1261 690 atris
1288 657 1381 690 hinc
1415 657 1524 690 illinc
1552 657 1698 702 sparsis.

651 726 771 758 Mares
807 725 972 758 Onitidis
1009 725 1154 757 Cliniae
1194 724 1305 757 tibias
1341 724 1542 757 anteriores
1578 725 1719 757 habent
1750 732 1900 769 tenues,
1953 726 2097 771 longas,

550 794 735 836 incurvas,
783 800 884 825 extra
918 791 1121 824 denticulis
1157 798 1318 834 quatuor
1354 791 1584 835 subobtusis,
1634 791 1840 825 distinctis:
1887 791 1992 825 intus
2018 792 2099 825 basi

547 861 701 904 propius
730 871 823 903 uno,
859 869 1051 902 perparVO,
1095 857 1288 890 interdum
1315 858 1377 890 vix
1405 859 1618 903 conspicuo.
1681 860 1785 903 Apex
1812 858 1927 891 tibiae
1954 859 1995 891 in
2023 858 2096 903 spi-

548 938 636 958 nam
666 927 835 958 obtusam
861 924 1065 968 productus
1094 931 1165 956 est:
1207 924 1297 957 tarsi
1323 934 1471 967 prorsus
1501 925 1646 958 desunt.
1717 926 1871 958 Femora
1898 925 2094 967 anteriora,

548 993 588 1023 in
624 1001 743 1024 costae
777 990 973 1023 anterioris
1007 989 1149 1032 medio,
1197 989 1339 1022 habent
1372 989 1524 1022 dentem
1557 992 1715 1036 flexum,
1764 1003 1830 1024 seu
1863 1003 2008 1025 uncum
2036 993 2096 1024 ob-

546 1059 706 1102 liquum.

646 1124 863 1168 Foeminae,
911 1124 1039 1168 paullo
1078 1123 1304 1156 robustiores
1346 1130 1382 1156 et
1415 1131 1555 1157 statura
1588 1123 1717 1157 minus
1758 1124 1936 1172 oblonga,
1984 1125 2094 1158 tibias

546 1191 746 1224 anteriores
786 1192 925 1224 habent
961 1191 1081 1223 forma
1118 1190 1283 1237 vulgari,
1336 1190 1482 1223 scilicet
1521 1192 1726 1234 subrectas,
1779 1192 1936 1235 validas,
1992 1200 2095 1225 extra

545 1258 719 1290 dentibus
748 1266 907 1302 quatuor
933 1258 1052 1290 acutis
1079 1258 1213 1290 validis
1240 1257 1461 1295 instructas,
1502 1257 1606 1290 intus
1635 1259 1760 1290 nullo:
1796 1258 1937 1291 habent
1964 1267 2090 1301 tarSOS,

545 1325 713 1368 quamvis
756 1325 954 1368 minimos,
1007 1335 1115 1369 saepe
1153 1324 1215 1357 vix
1254 1323 1486 1368 conspicuos.
1562 1324 1718 1356 Femora
1756 1324 1839 1357 sine
1878 1327 1958 1359 ullo
2001 1334 2089 1360 sunt

545 1391 655 1424 dente
683 1392 760 1424 sive
787 1403 896 1424 unco.

643 1458 921 1491 Praemittenda
953 1459 1044 1490 haec
1076 1458 1198 1501 fuere,
1251 1456 1340 1500 quia
1374 1457 1415 1489 O.
1448 1456 1624 1489 furcifera
1659 1468 1747 1490 cum
1775 1458 1816 1491 O.
1844 1457 1990 1491 Cliniae
2016 1459 2090 1491 foe-

544 1524 669 1557 minae
704 1525 880 1557 varietate
915 1524 1274 1557 obscuro-celerata
1300 1534 1408 1567 saepe
1437 1524 1591 1556 confusa
1619 1531 1675 1557 est
1701 1531 1737 1556 et
1764 1524 1806 1556 in
1833 1525 1973 1558 museis
2007 1527 2089 1570 plu-

542 1592 647 1624 rimis
674 1593 767 1624 falso
795 1591 950 1623 nomine
977 1591 1196 1634 adpellatur.

642 1658 860 1690 Foeminam
910 1659 951 1690 O.
990 1656 1188 1689 furciferae
1226 1654 1379 1688 Rossius
1424 1655 1585 1699 perbene
1633 1656 1831 1701 descripsit
1876 1656 1918 1689 in
1960 1658 2085 1690 Fauna

541 1725 685 1757 Etrusc.
726 1736 808 1770 pag.
837 1727 870 1759 7.
914 1724 981 1757 sub
1010 1723 1165 1756 nomine
1194 1722 1383 1755 Scarabaei
1417 1722 1576 1755 irrorati.
1661 1724 1779 1756 Verba
1824 1724 1990 1757 ”femora
2025 1736 2086 1756 an-

540 1792 612 1824 tica
647 1792 789 1824 duobus
823 1790 1024 1824 denticulis
1058 1790 1208 1823 interne
1240 1789 1444 1822 instructa'‘
1485 1788 1614 1821 omnia
1647 1789 1759 1823 dubia
1785 1791 1946 1828 tollunt,
1997 1802 2085 1823 cum

537 1859 629 1891 haec
666 1858 865 1902 descriptio
898 1858 999 1891 nulli
1032 1857 1099 1890 alii
1133 1856 1271 1901 speciei
1307 1867 1509 1900 europaeae
1542 1856 1740 1890 conveniat
1775 1864 1811 1889 et
1838 1858 1946 1891 nullo
1969 1857 2084 1893 :modo

540 1925 583 1957 de
612 1926 651 1958 O.
680 1925 826 1958 Cliniae
852 1924 1018 1957 foemina
1046 1925 1178 1957 valeat.

640 1992 785 2023 lNIarem
812 1992 879 2024 sub
906 1991 1062 2024 nomine
1089 1989 1279 2024 Scarabaei
1313 1989 1482 2022 furciferi
1516 1989 1559 2022 in
1590 1989 1776 2023 Mantissa
1809 1991 1898 2023 Ima
1935 2001 2018 2035 pag.
2047 1992 2081 2024 7.

538 2057 604 2090 No.
632 2059 666 2092 7.
699 2057 912 2101 descripsit,
952 2057 1146 2101 adjiciens:
1188 2058 1349 2090 alterum
1381 2056 1453 2089 sibi
1486 2056 1603 2089 videri
1639 2067 1717 2089 esse
1748 2067 1880 2088 sexum
1908 2056 1963 2089 Sc.
1993 2056 2082 2089 irro-

537 2123 626 2166 rati,
676 2135 763 2156 cum
797 2125 967 2157 ”tantum
993 2132 1141 2170 pectore
1171 2123 1355 2156 bifurcato
1390 2131 1427 2156 et
1461 2123 1604 2156 lamina
1639 2123 1866 2156 cuneiformi
1891 2123 2080 2155 femorum

537 2190 752 2223 anticorum
783 2191 960 2224 differas&
1038 2192 1077 2226 Si
1108 2191 1229 2236 igitur
1261 2189 1414 2223 Rossius
1447 2201 1524 2222 non
1556 2201 1681 2222 veram
1714 2190 1755 2222 O.
1781 2189 1980 2222 furciferae
2005 2190 2081 2222 foe-

537 2257 682 2290 minam
709 2257 777 2289 sub
805 2258 959 2291 nomine
987 2258 1020 2291 S.
1047 2257 1195 2290 irrorati
1222 2255 1470 2289 intellexisset
1499 2260 1569 2299 (et,
1597 2264 1641 2288 ut
1664 2256 1730 2289 alii
1750 2263 1898 2300 putant,
1924 2256 2079 2289 fortasse

536 2323 744 2357 foeminam
771 2323 935 2357 Onitidis
966 2324 1112 2358 Cliniae
1140 2323 1461 2368 obscuro-pictam
1488 2330 1575 2355 ante
1603 2323 1729 2356 oculos
1755 2322 1967 2364 habuisset)
1995 2324 2077 2356 loco

537 2389 695 2435 allegato
724 2390 767 2423 de
794 2390 1007 2424 diversitate
1033 2391 1212 2424 tibiarum
1240 2389 1450 2423 anticarum
1483 2389 1680 2433 utriusque
1714 2400 1821 2423 sexus
1854 2390 1935 2423 sine
1964 2389 2077 2423 dubio

536 2458 685 2489 locutus
719 2458 860 2491 fuisset.
