2310 3292
1710 341 1775 373 183

226 457 303 479 non
336 449 536 489 tangente,
583 441 682 484 alba,
730 450 824 484 quae
862 439 986 471 multo
1024 437 1152 471 minus
1193 439 1371 484 angulata
1413 437 1488 470 sive
1527 437 1676 470 sinuata
1710 448 1774 481 est,

224 523 337 557 quarn
352 511 394 543 in
413 509 488 544 Cic.
504 508 662 554 hybrida
690 506 831 552 (magis
854 514 984 539 tamen
1011 517 1124 549 quam
1144 504 1185 538 in
1209 505 1284 539 Cic.
1301 505 1498 538 rectilinea
1519 505 1776 545 Muehlfeldi.)

324 578 477 611 Lunula
505 577 586 610 alba
611 573 819 608 humeralis
849 574 1075 617 elytrorum,
1124 583 1238 616 quam
1269 572 1343 606 Cic.
1373 572 1529 616 hybrida
1556 572 1685 614 habet,
1736 573 1775 604 in

224 646 300 680 Cic.
330 653 510 678 montana
537 655 616 676 non
643 640 829 683 cernitur,
878 641 957 681 ejus
985 639 1066 672 loco
1095 639 1329 683 conspicitur
1360 647 1549 684 punctum
1576 640 1705 673 album
1735 640 1773 672 in

221 714 381 746 humero
417 712 517 756 ipso,
565 717 602 742 et
644 709 806 741 alterum
841 707 1045 739 sublimare
1083 706 1126 738 ab
1171 706 1238 738 illo
1279 713 1480 738 remotum.
1560 707 1660 740 Haec
1702 707 1774 740 duo

221 787 361 825 puncta
398 778 439 810 in
473 776 646 821 pluribus
681 774 954 820 speciminibus
990 784 1189 816 nunquam
1223 773 1481 815 cohaerentia,
1533 774 1595 806 secl
1631 786 1776 819 semper

221 845 399 879 distantia
431 843 573 877 inveni.

323 912 399 946 Cic.
427 911 585 956 hybrida
612 910 766 954 quidem
794 908 989 941 interdum
1015 907 1203 952 reperitur
1229 918 1317 939 cum
1347 906 1474 950 elytris
1503 907 1773 949 fusco-aeneis,

220 983 301 1014 loco
328 981 522 1013 fuscorum
548 977 640 1012 hinc
668 977 777 1010 illinc
806 975 1096 1021 purpurascenti
1123 974 1368 1008 micantium:
1414 975 1476 1008 sed
1505 986 1592 1007 cum
1621 975 1689 1007 hac
1720 987 1774 1007 va-

220 1047 352 1081 rietate
380 1047 455 1080 Cic.
483 1053 665 1079 montana
692 1044 800 1077 nullo
829 1043 940 1076 inodo
966 1042 1231 1076 confundenda
1259 1049 1324 1074 est.

643 1241 956 1295 Aptinus
1016 1238 1347 1279 Ballista.

847 1330 926 1359 Tab.
958 1331 996 1358 V.
1033 1329 1084 1369 fig.
1110 1334 1139 1363 2.

218 1430 302 1474 Apt.
331 1427 457 1474 niger,
498 1428 651 1461 thorace
678 1425 780 1468 rufo,
824 1424 954 1468 elytris
983 1423 1154 1467 sulcatis,
1202 1423 1318 1457 sulcis
1345 1422 1522 1456 laevibus.

365 1494 448 1533 Illig.
472 1495 506 1522 in
529 1493 645 1522 Museo
668 1491 808 1519 Berolin.
833 1490 1010 1518 Brachinus
1031 1489 1172 1517 Ballista.

364 1552 436 1588 Dej.
461 1551 561 1580 Catal.
591 1560 662 1590 pag.
687 1550 715 1581 4.
751 1550 860 1588 Aptin.
885 1548 965 1577 Ball.
991 1547 1073 1586 Illjg.
1097 1563 1140 1569 —
1161 1547 1269 1586 Aptin.
1295 1546 1461 1586 Displosor
1483 1544 1644 1574 Latreille.

366 1610 501 1638 Ahrens.
538 1610 625 1638 Fasc.
652 1609 741 1638 VIII.
772 1608 851 1636 Tab.
876 1608 905 1639 5.

367 1668 477 1697 Germ.
503 1668 566 1696 Ins.
600 1677 670 1706 pag.
696 1672 725 1700 2.

217 1727 371 1761 Habitat
398 1729 440 1761 in
466 1728 684 1765 Lusitania,
727 1726 922 1771 Hispania.

318 1795 589 1841 hlagnitudine
620 1802 657 1828 et
692 1802 834 1827 statura
865 1792 999 1837 Aptini
1036 1791 1221 1833 mutilati,
1277 1790 1339 1822 sed
1378 1789 1508 1834 paullo
1547 1789 1665 1830 major
1705 1796 1769 1820 est.

219 1864 359 1906 Caput,
405 1862 607 1905 abdomen,
656 1862 766 1907 pedes
804 1860 936 1893 subtus
968 1859 1153 1903 brnnnei,
1202 1868 1315 1902 supra
1342 1856 1443 1902 nigri
1471 1863 1577 1897 sunt,
1618 1856 1770 1899 punctis

217 1929 410 1974 impressis
444 1930 695 1974 paucioribus.
773 1929 887 1961 Frons
924 1935 1107 1961 excavata.
1186 1927 1384 1958 Antemnae
1419 1923 1499 1956 basi
1534 1930 1633 1955 atrae
1667 1922 1771 1966 apice

217 1996 358 2040 fuscae,
405 1997 557 2041 pilosae.

319 2065 470 2098 Thorax
498 2065 625 2107 rufus,
675 2062 936 2106 subcordatus,
982 2061 1107 2094 antice
1134 2059 1352 2105 posticeque
1379 2059 1535 2102 abrupte
1563 2064 1769 2098 truncatus,

219 2131 344 2165 amice
377 2131 468 2176 pilis
502 2131 733 2165 brevissimis
769 2131 890 2164 aureis
926 2130 1093 2163 ciliatus:
1142 2128 1321 2161 lateribus
1356 2124 1578 2171 marginatis
1607 2131 1643 2157 et
1670 2123 1770 2157 linea

217 2199 491 2245 longitudinali
517 2199 650 2232 leviter
680 2198 871 2243 impressa.

318 2267 448 2310 Elytra
475 2275 571 2311 atra,
607 2266 651 2299 ad
679 2266 826 2311 apicem
853 2265 1004 2309 oblique
1032 2269 1222 2297 truncata:
1259 2262 1421 2300 sulcata,
1465 2258 1579 2292 sulcis
1608 2257 1770 2300 levibus,

219 2334 323 2366 sulco
351 2333 554 2379 marginali
581 2333 658 2366 sive
686 2341 839 2366 externo
866 2333 956 2378 pilis
985 2331 1106 2364 aureis
1134 2330 1225 2362 hinc
1253 2329 1363 2362 illinc
1391 2334 1499 2360 tecto.

321 2400 454 2433 Tibiae
488 2400 634 2433 amicae
667 2401 853 2445 profunde
889 2400 1050 2434 excisae:
1104 2398 1272 2441 reliquae
1309 2393 1396 2439 pilis
1440 2391 1560 2425 aureis
1597 2391 1640 2424 ad
1672 2392 1768 2423 latus

220 2475 419 2502 externum
454 2467 614 2501 ciliatae.
