2310 3292
1722 326 1794 360 247

349 428 525 476 Cognitio
554 426 788 460 differentiae
816 425 975 458 sexualis
1003 425 1044 457 111
1072 425 1180 457 1111110
1213 423 1290 456 fere
1319 423 1626 467 Coleopterorum
1661 436 1795 470 genere

246 497 379 532 utilior
406 504 479 534 est,
525 506 640 540 quam
673 494 716 526 in
743 492 1069 537 Cryptocephalis,
1118 490 1185 535 qui
1211 491 1333 523 colore
1360 497 1397 523 et
1423 489 1572 534 pictura
1598 498 1795 535 tantopere

248 564 393 598 variant
426 571 463 596 et
497 573 659 607 quorum
692 572 800 593 sexus
834 560 928 592 alter
955 559 1064 591 alteri
1091 570 1199 603 saepe
1227 557 1508 591 dissimillimus
1537 565 1602 591 est.
1680 558 1798 592 Diffe-

244 632 366 665 rentia
393 642 501 664 sexus
529 630 571 663 in
598 626 906 672 Cryptocephalis
934 625 1118 659 facillime
1146 626 1250 658 cerni
1275 634 1415 670 potest,
1461 626 1493 658 si
1530 627 1628 658 latus
1656 626 1798 659 anima-

244 700 291 733 lis
332 698 490 732 inferius
525 708 591 729 seu
624 702 794 728 ventrem
835 692 1072 738 inspicimus.
1150 693 1351 739 Segmenta
1390 693 1643 726 abdominalia
1679 701 1799 738 poste-

244 768 358 810 riora,
404 771 550 814 praeter
577 762 703 806 ipsum
732 761 935 804 ultimum,
978 760 1019 792 in
1046 759 1171 792 medio
1196 766 1233 791 et
1253 759 1297 791 ad
1318 760 1488 792 medium
1510 767 1666 793 retracta
1690 768 1796 793 sunt:

247 835 431 868 ultimum
459 830 580 876 igitur
606 828 760 862 caeteris
788 828 911 860 multo
945 834 1001 859 est
1033 825 1160 858 latius.
1236 825 1437 858 Foeminae
1465 826 1505 858 in
1533 827 1657 859 medio
1675 822 1799 868 ‘hujus

245 898 434 946 segmenti
461 896 593 930 ultimi
620 896 762 928 habent
789 894 1043 927 scrobiculum
1072 892 1148 925 sive
1174 892 1319 926 foveam
1347 904 1516 937 parvam,
1560 893 1799 938 profundam,

243 968 321 1001 sere
362 963 722 1009 hemisphaericam,
782 961 960 1006 politam,
1020 961 1246 1005 plerumque
1286 960 1492 993 nitentem:
1548 972 1666 994 mares
1714 972 1798 994 vero

244 1041 397 1068 tantum
434 1033 608 1066 loculum
644 1029 886 1077 glabriorem,
933 1028 1058 1061 nitore
1098 1028 1228 1072 paullo
1267 1027 1422 1060 fortiore
1464 1027 1709 1071 distinctum,
1764 1036 1798 1061 et

244 1113 324 1135 non
360 1107 587 1133 excavatum.
672 1098 780 1130 Hanc
818 1097 964 1129 foveam
1003 1095 1045 1127 in
1084 1094 1260 1127 omnibus
1301 1095 1688 1139 Cryptocephalorum
1728 1096 1800 1128 foe-

245 1169 361 1202 minis
389 1176 467 1201 tam
492 1172 712 1200 constanter
738 1163 875 1208 reperi,
916 1170 960 1195 ut
988 1162 1144 1207 signum
1172 1160 1427 1193 certissimum
1459 1173 1566 1194 sexus
1595 1162 1799 1196 foeminini

245 1235 428 1281 praebeat.

347 1321 393 1352 In
415 1316 551 1362 Clytris
575 1323 613 1349 et
638 1313 908 1359 Chlamydibus
936 1312 1065 1346 eadem
1094 1319 1150 1345 est
1175 1322 1282 1343 sexus
1312 1310 1541 1353 differentia,
1586 1313 1648 1346 sed
1672 1313 1800 1346 minus

246 1383 421 1433 insignis.

350 1466 641 1514 Cryptocephali
668 1465 784 1498 lobati
811 1475 930 1496 mares
959 1463 1003 1496 acl
1031 1461 1212 1495 tibiarum
1246 1461 1477 1506 posticarum
1512 1462 1634 1506 apices
1663 1463 1802 1497 habent

247 1547 460 1571 excrescens
489 1535 566 1568 sive
592 1534 742 1575 lobum,
780 1543 853 1575 quo
881 1529 1069 1563 foeminae
1096 1529 1208 1572 plane
1236 1536 1378 1561 carent:
1412 1536 1502 1562 sunt
1525 1529 1642 1562 etiam
1670 1531 1803 1564 coloris

247 1603 411 1639 coerulei
439 1603 561 1635 multo
588 1598 844 1646 profundioris
874 1609 987 1641 quam
1014 1596 1221 1639 foeminae,
1263 1607 1357 1640 quae
1384 1596 1429 1630 ad
1451 1597 1657 1640 elytrorum
1679 1598 1801 1642 apices

245 1672 437 1705 maculam
477 1679 656 1715 magnam
689 1667 830 1700 habent
861 1666 1026 1706 fulvam,
1084 1663 1243 1707 ideoque
1277 1663 1443 1696 maribus
1484 1672 1561 1698 tam
1599 1664 1802 1698 dissimiles

245 1747 352 1782 sunt,
407 1745 449 1771 ut
482 1748 549 1781 per
582 1737 743 1781 longum
783 1741 935 1777 tempus
974 1743 992 1764 a
1028 1731 1200 1776 pluribus
1236 1731 1498 1777 Entomologis
1540 1732 1661 1773 (Fabr.
1693 1733 1804 1766 Panz.

246 1806 404 1840 Schoen.
433 1816 463 1838 e.
493 1806 545 1845 a.)
579 1802 647 1835 sub
676 1800 833 1834 nomine
862 1801 918 1833 Cr.
947 1797 1284 1832 haemorrhoidalis
1312 1806 1497 1842 tanquam
1525 1799 1666 1843 species
1694 1811 1804 1844 pecu-

247 1873 351 1907 liaris
379 1871 586 1916 descriptae
612 1869 700 1902 sint.

348 1958 395 1990 In
419 1956 490 1989 hac
517 1953 698 1988 tibiarum
725 1958 914 1985 structura
942 1951 999 1983 Cr.
1029 1949 1174 1981 lobatus
1208 1960 1296 1982 cum
1330 1949 1471 1994 Dasyta
1503 1958 1582 1983 atro
1616 1951 1803 1993 convenit,

247 2024 356 2067 cujus
383 2035 463 2056 mas
491 2022 615 2064 (Fabr.
641 2021 728 2053 Ent.
756 2020 864 2052 Tom.
888 2019 915 2051 Ι.
945 2019 983 2051 P.
1006 2017 1053 2049 II.
1081 2028 1164 2062 pag.
1186 2018 1264 2056 80.)
1293 2016 1338 2049 acl
1365 2017 1544 2050 tibiarum
1573 2018 1805 2062 posticarum

247 2091 395 2137 apicem
425 2100 570 2123 uncum
602 2087 717 2121 habet
751 2086 937 2129 validum,
983 2095 1200 2128 recurvum,
1253 2091 1291 2117 et
1318 2085 1437 2118 alium
1465 2085 1634 2118 similem
1662 2084 1702 2117 111
1732 2085 1805 2128 pri-

248 2170 310 2191 mo
336 2165 524 2192 tarsorum
551 2155 766 2190 anticorum
793 2153 964 2186 articulo.

349 2241 397 2273 In
438 2239 604 2274 Trichiis
642 2245 910 2283 octopunctato
950 2243 990 2269 et
1029 2234 1151 2268 nobili
1194 2233 1335 2279 [etiam
1369 2234 1411 2268 in
1446 2234 1600 2268 Trichio
1637 2234 1806 2269 limbatO.

247 2307 488 2343 Melolontha
520 2307 626 2340 limb.
659 2305 757 2339 Oliv.
782 2324 834 2330 -—
865 2316 909 2338 ex
942 2302 1051 2337 India
1086 2301 1304 2347 orientali:]
1356 2303 1590 2347 singularem
1632 2302 1806 2335 differen-

248 2376 343 2410 tiam
377 2375 569 2408 sexualem
604 2372 807 2408 observavi,
860 2372 903 2405 de
937 2383 1010 2415 qua
1037 2370 1079 2403 in
1106 2369 1256 2414 scriptis
1285 2369 1386 2402 nihil
1414 2369 1636 2402 adnotatum
1664 2369 1805 2403 inveni.

248 2444 371 2477 Mares
404 2442 543 2475 horum
578 2438 824 2473 Trichiorum
861 2438 974 2471 tibias
1013 2437 1156 2482 pedum
1194 2436 1409 2469 mediorum
1450 2436 1590 2469 habent
1624 2448 1805 2481 perquam

252 2517 438 2554 curvatas,
479 2518 598 2554 paene
624 2505 938 2541 semicirculares:
989 2504 1135 2550 apicem
1168 2514 1296 2538 versus
1328 2503 1496 2549 latiores,
1544 2515 1657 2549 quam
1686 2503 1728 2538 in
1754 2515 1807 2537 re-
