2325 3286
492 341 566 376 234

642 440 852 473 Grossa.

557 522 662 557 Major
683 521 825 557 reliquis,
872 518 977 556 elytris

494 590 579 619 pone
601 579 753 607 humeros
776 577 882 611 rectis,
916 585 976 613 quo

493 639 630 667 efficitur
656 641 773 663 statura
800 634 898 672 magis
922 633 978 661 ob-

493 697 595 733 longa.

553 785 650 814 Color
662 784 809 811 omnium
824 784 975 821 partium,

490 844 596 882 elytris
631 843 787 880 exceptis,
840 841 978 879 pulcher

489 900 791 935 viridi-coeruleus,
825 898 954 927 nitidus.

549 994 588 1022 In
612 993 723 1030 clypeo
748 996 793 1018 est
821 990 907 1024 linea
935 991 974 1018 si-

486 1057 590 1085 nuata,
618 1051 779 1086 impressa,
815 1057 900 1085 pone
919 1058 975 1076 an-

485 1115 596 1138 tennas
621 1108 724 1135 oriens
738 1127 745 1141 ,
783 1105 975 1135 adscendens

489 1173 519 1196 et
542 1166 659 1206 angulo
691 1165 805 1194 obtuso
828 1165 921 1193 flexa.

547 1258 679 1287 Thorax
693 1256 790 1295 duplo
806 1263 851 1285 est
867 1257 969 1292 latior,

485 1326 581 1356 quam
604 1317 743 1354 longior:
778 1315 880 1343 antice
900 1324 971 1352 per-

482 1380 679 1414 angustatus,
715 1374 870 1401 sinuatus:
917 1384 970 1402 an-

481 1433 563 1473 gulis
586 1431 772 1471 paullulum
802 1433 970 1470 prominu-

481 1492 528 1520 Iis.

545 1582 711 1610 Lateribus
735 1582 798 1610 late
828 1581 883 1609 sed
905 1591 972 1610 non

482 1641 548 1669 aIte
591 1641 779 1668 incrassatis:
845 1641 970 1677 punctis

479 1697 694 1738 paucioribus,
710 1697 893 1734 majusculis
910 1698 970 1725 im—

480 1757 610 1796 pressis:
643 1755 734 1785 dorso
758 1756 889 1795 globoso
920 1757 969 1785 ni-

481 1816 645 1845 tidissimo.

542 1907 651 1946 Elytra
693 1907 778 1942 rufa,
842 1908 966 1945 punctis

480 1965 604 2001 inultis,
648 1966 770 2004 magnis
813 1966 967 2004 irregula-

478 2024 567 2053 ribus
595 2024 765 2062 impressis.

1156 435 1371 468 Lucida.

1092 517 1245 554 Sequenti
1277 517 1416 555 aequalis
1447 517 1497 545 vel

1029 574 1138 612 paullo
1162 576 1283 603 minor:
1320 575 1497 614 elytrorum

1030 633 1153 661 ambitu
1196 634 1296 672 magis
1346 633 1494 670 rotundo,

1029 697 1094 719 tota
1117 692 1214 730 igitur
1235 691 1404 730 globosior.

1092 783 1190 811 Color
1203 784 1369 818 violaceus,
1394 784 1499 811 multo

1029 842 1136 869 minus
1173 841 1290 870 nitidus
1328 851 1423 880 quain
1465 843 1500 870 in

1028 899 1136 936 priori.

1089 989 1178 1018 Haec
1197 990 1283 1018 linea
1302 990 1418 1029 angulo
1437 992 1497 1020 mi-

1025 1058 1084 1077 nus
1108 1049 1222 1077 obtuso
1251 1055 1296 1077 est
1318 1049 1412 1079 flexa.

1086 1255 1219 1285 Thorax
1261 1258 1367 1286 minus
1412 1259 1493 1287 latus

1025 1323 1122 1352 quam
1149 1316 1183 1342 in
1210 1315 1244 1342 C.
1270 1324 1389 1353 grossa,
1437 1326 1492 1344 an-

1021 1373 1083 1401 tice
1118 1378 1300 1411 angustatus
1330 1380 1361 1402 et
1388 1375 1492 1403 multo

1022 1432 1122 1470 magis
1139 1432 1290 1468 sinuatus,
1322 1442 1417 1471 quare
1437 1442 1491 1462 an-

1023 1490 1091 1529 guli
1114 1489 1202 1518 valde
1229 1491 1426 1529 prominent.

1086 1582 1201 1611 Latera
1222 1582 1318 1620 plane
1346 1593 1413 1611 non
1441 1585 1490 1612 in-

1023 1647 1165 1676 crassata,
1196 1642 1321 1679 punctis
1344 1641 1491 1678 pluribus

1021 1699 1192 1736 impressis,
1233 1699 1364 1727 dorsum
1385 1699 1489 1729 modi-

1022 1766 1057 1785 ce
1080 1757 1250 1793 elevatum,
1286 1757 1446 1797 glabrum.

1083 1907 1193 1946 Elytra
1231 1907 1315 1943 rufa,
1362 1909 1487 1945 punctis

1018 1966 1129 1994 multis
1152 1966 1206 1995 sed
1228 1967 1330 2005 parvis
1353 1967 1486 2004 impres-

1020 2024 1070 2052 sis.

1608 440 1957 474 Chloromaura.

1611 518 1834 558 Magnitudine
1845 523 2039 560 praeceden-

1549 577 1587 605 tis
1612 583 1642 605 et
1670 584 1788 607 statura
1816 580 1961 610 medium
1990 583 2037 610 in-

1548 641 1598 663 ter
1625 642 1795 674 utramque
1826 638 1967 675 priorem
1990 646 2037 668 te-

1549 700 1656 722 nente-

1614 786 1711 814 Color
1732 785 1799 813 fere
1821 786 1922 825 niger,
1967 797 2040 825 per-

1550 852 1666 881 parum
1689 853 1764 872 cum
1787 844 1927 873 violaceo
1955 846 2038 874 mix-

1550 907 1611 937 tus,
1656 902 1787 931 nitidus.

1613 993 1701 1022 Haec
1713 994 1798 1022 linea
1810 994 1927 1032 angulo
1940 996 2036 1024 etiam

1551 1053 1691 1080 acutiore
1722 1057 1768 1080 est
1789 1052 1883 1081 flexa.

1608 1258 1740 1288 Thorax
1752 1260 1861 1298 paullo
1876 1261 2037 1300 angustior

1545 1326 1642 1355 quam
1664 1320 1699 1346 in
1721 1319 1756 1347 C.
1780 1318 1898 1347 lucida:
1931 1319 2035 1347 amice

1544 1376 1652 1403 minus
1674 1376 1833 1412 sinuatus,
1862 1377 1960 1416 igitur
1979 1386 2033 1405 an-

1544 1433 1612 1474 guli
1633 1434 1741 1462 minus
1769 1435 1999 1472 prominentes.

1606 1583 1773 1612 Lateribus
1796 1592 1863 1612 non
1884 1584 2031 1611 incrassa-

1541 1643 1580 1671 tis
1605 1648 1635 1671 et
1658 1643 1783 1680 punctis
1810 1642 1981 1670 van‘olosis.

1609 1908 1719 1947 Elytra
1761 1908 1834 1937 rufo
1853 1924 1867 1931 -
1883 1913 2028 1945 testacea,

1539 1965 1732 2004 glaber-rima
1768 1967 1893 2004 punctis
1933 1967 2030 1995 mini-

1538 2025 1598 2052 mis
1627 2025 1787 2063 impressis
1818 2030 1848 2053 et
1879 2025 1966 2063 quasi
1995 2025 2027 2053 in

1538 2083 1633 2111 series
1655 2082 1840 2112 distributis.

578 2176 842 2208 Antennarum
874 2174 1026 2207 articuli
1062 2175 1204 2208 basales
1237 2176 1353 2208 latere
1394 2175 1567 2210 inferiori
1604 2176 1645 2210 in
1681 2177 1750 2211 hac
1786 2176 2027 2220 Chrysomela

476 2242 670 2276 interdum
698 2242 742 2275 ad
773 2241 970 2276 dimidiam
997 2249 1143 2287 partem
1170 2242 1323 2275 testacei
1350 2250 1450 2276 sunt.
