2310 3292
1706 313 1779 346 205

380 422 426 454 In
460 417 573 453 maris
607 418 796 450 femorum
832 415 1046 448 anticorum
1081 420 1181 446 costa
1215 411 1399 446 anteriore
1434 411 1523 443 dens
1557 411 1699 443 validus
1736 412 1779 443 ad

284 486 447 533 apicem:
496 484 538 518 in
566 492 666 517 costa
691 483 895 529 posteriore
922 481 1012 514 dens
1039 479 1245 524 maximus,
1290 477 1588 521 lamelliformis,
1636 476 1781 520 quadri-

283 555 443 597 lobatus,
485 558 687 597 porrectus.

381 621 428 653 In
460 618 650 653 foeminae
686 617 876 649 femorum
909 613 1124 647 anticorum
1157 620 1259 647 costa
1290 611 1476 645 anteriore
1509 610 1598 643 dens
1633 609 1779 642 nullus:

283 687 324 720 in
351 685 555 731 posteriore
583 685 712 717 dentes
740 682 828 715 duo:
876 680 1023 714 minore
1050 680 1095 714 ad
1121 680 1285 725 apicem,
1331 678 1491 720 majore,
1533 678 1783 710 sub-curvato

285 765 409 787 versus
441 752 623 785 medium.

382 817 513 851 Tibiae
540 816 582 848 in
609 824 769 860 utroque
796 826 886 848 sexu
908 812 1055 846 anticae
1075 810 1231 855 reliquis
1252 809 1459 856 longiores,
1497 810 1671 855 graciles,
1708 820 1786 841 cui·-

285 892 407 928 vatae‚
445 883 553 917 tarsis
582 883 801 926 destitutae,
843 881 885 915 in
911 890 1058 913 uncum
1085 884 1335 911 excurrentes.
1413 877 1458 909 In
1486 887 1587 909 mare
1616 875 1660 907 ad
1687 877 1785 907 latus

285 951 447 985 exterius
474 950 615 983 habent
641 949 770 982 dentes
791 956 865 981 tres
892 955 1018 981 acutos
1047 953 1085 978 et
1111 952 1290 989 quartum
1317 943 1545 984 minimum,
1593 941 1786 975 interdum

284 1017 347 1052 vix
382 1017 648 1062 conspicuum:
701 1015 743 1048 in
782 1016 898 1048 latere
935 1013 1117 1046 interiore
1155 1019 1212 1044 est
1247 1010 1359 1044 series
1394 1010 1695 1051 denticulorum,
1743 1009 1785 1041 ad

286 1085 394 1118 basin
420 1084 462 1116 in
490 1084 677 1117 costulam
698 1081 987 1115 confluentium.

384 1150 585 1184 Foeminae
613 1149 726 1182 tibiae
753 1147 873 1193 magis
901 1153 991 1178 sunt
1018 1151 1205 1178 curvatae:
1248 1143 1290 1176 in
1318 1143 1500 1176 exteriore
1527 1145 1643 1176 latere
1671 1142 1790 1175 denti-

287 1220 356 1252 bus
393 1225 554 1261 quatuor
587 1214 800 1248 distinctisx,
842 1213 884 1246 in
916 1211 1042 1245 medio
1076 1209 1265 1243 inferioris
1300 1209 1427 1242 lateris
1465 1209 1576 1241 dente
1604 1209 1726 1241 valido
1755 1218 1791 1242 et

289 1285 334 1318 ad
360 1282 468 1316 basin
495 1282 639 1315 costula
665 1280 743 1314 sive
771 1280 897 1314 carina
924 1278 1168 1312 denticulata.

386 1349 504 1383 Maris
532 1356 703 1381 sternum
729 1348 832 1381 furca
859 1357 1011 1392 magna,
1050 1344 1220 1378 cruribus
1248 1342 1626 1388 valdeldistantibus,
1662 1351 1717 1375 est
1739 1343 1793 1374 in-

290 1424 494 1450 structum:
537 1414 726 1448 foeminae
759 1412 878 1447 nulla.

390 1496 590 1530 Foeminae
619 1495 771 1539 condyli
803 1494 944 1538 pedum
978 1493 1192 1540 mediorum
1228 1492 1339 1525 dente
1374 1503 1440 1524 seu
1472 1492 1619 1531 aculeo,
1661 1492 1794 1529 (modo

292 1563 431 1605 valido,
478 1562 589 1595 modo
617 1561 820 1604 obsoleto),
866 1567 1004 1598 erecto,
1045 1567 1155 1592 acuto
1183 1558 1335 1591 armati:
1379 1557 1543 1590 marium
1572 1558 1692 1590 nullo.

344 1681 510 1715 Primam
537 1680 652 1721 hujus
680 1677 846 1712 Onitidis
875 1676 1134 1723 cognitionem
1163 1676 1340 1709 debemus
1366 1674 1490 1708 Rossii
1515 1675 1663 1707 Faunae
1689 1676 1797 1707 Etru-

245 1761 335 1782 scae.
413 1747 571 1780 Dudum
603 1757 688 1778 vero
725 1752 850 1778 exorta
882 1744 995 1777 dubia
1028 1744 1071 1777 de
1100 1744 1180 1785 ejus
1210 1742 1411 1776 identitate
1444 1752 1531 1774 cum
1563 1741 1646 1774 aliis
1677 1742 1796 1774 Scara-

243 1815 363 1857 baeis,
417 1822 455 1847 et
482 1824 618 1859 magna
650 1824 736 1845 cum
772 1812 818 1844 iis
846 1811 1080 1853 similitudo,
1134 1810 1247 1842 sicuti
1281 1820 1389 1842 sexus
1424 1808 1577 1840 alterius
1611 1816 1798 1841 structura

244 1893 425 1927 perquam
452 1880 611 1924 diversa,
662 1879 901 1912 confusiones
929 1878 1029 1913 haud
1058 1878 1211 1923 exiguas
1247 1876 1450 1919 adduxere,
1504 1875 1640 1919 quibus
1674 1876 1794 1908 clarus

244 1948 354 1981 Rossi
381 1948 460 1992 ipse
489 1946 591 1979 dedit
624 1958 763 1979 ansam.

349 2016 447 2047 Cum
474 2024 543 2059 ego
570 2012 664 2045 Pisis
693 2020 730 2045 et
757 2011 986 2055 Florentiae,
1027 2011 1069 2044 in
1096 2010 1176 2056 ipsa
1201 2011 1317 2051 hujus
1345 2009 1481 2042 insecti
1508 2009 1648 2053 patria,
1690 2010 1798 2054 plura

247 2082 326 2124 ejus
353 2080 564 2125 specimina
592 2087 629 2113 et
655 2080 868 2125 specierum
895 2079 1107 2113 vicinarum
1135 2085 1266 2111 nactus
1293 2077 1383 2121 sim,
1418 2076 1567 2109 umbras
1593 2076 1657 2109 hic
1685 2076 1799 2109 factas

248 2148 435 2181 dimovere
462 2147 625 2181 tentabo.

348 2216 445 2248 Ante
467 2214 596 2247 omnia
620 2213 994 2247 commemorandum
1014 2220 1086 2256 est,
1124 2211 1323 2246 Onitidem
1347 2211 1514 2245 Cliniam
1535 2211 1636 2243 Fabr.
1667 2208 1798 2254 [cujus

247 2292 455 2326 synonyma
481 2289 573 2314 sunt
608 2282 751 2315 Scarab.
778 2281 1018 2327 Hungaricus
1053 2280 1236 2323 Herbstii,
1285 2279 1410 2313 Onitis
1438 2278 1592 2322 Lophus
1621 2276 1800 2317 Fabricii-,

247 2367 298 2374 —
323 2348 388 2381 hic
415 2355 470 2380 est
496 2360 574 2381 mas
602 2357 640 2382 et
666 2350 708 2382 O.
732 2348 875 2382 Clinias
897 2349 1000 2385 Fabr.
1030 2355 1087 2381 est
1110 2347 1279 2381 foemina
1306 2345 1420 2379 unius
1449 2344 1693 2388 ejusdemque
1721 2354 1799 2388 spe-

249 2414 345 2461 ciei]
374 2415 416 2448 in
444 2414 657 2459 Lusitania,
697 2416 898 2460 Hispania,
942 2414 1141 2461 Hungaria
1167 2413 1322 2447 australi
1349 2412 1566 2458 degentem,
1614 2409 1729 2444 etiam
1759 2409 1799 2442 in

250 2480 359 2515 Italia
387 2492 596 2526 occurrere,
644 2488 681 2514 et
707 2488 785 2514 tam
813 2481 1098 2527 magnitudine,
1144 2491 1259 2525 quam
1292 2480 1414 2513 colore
1440 2490 1621 2524 perquam
1648 2477 1799 2511 variare.
