2310 3292
1691 299 1765 331 203

1748 396 1764 409 Π

220 402 292 435 hoc
325 399 515 433 insectum
549 407 644 429 novo
685 394 815 441 generi
853 391 1130 431 adnumeravit,
1184 392 1247 426 cui
1279 403 1420 426 nomen
1469 392 1745 439 ''Micropeplus

216 466 335 510 dedit,
370 477 390 499 e
416 464 534 499 verbis
563 463 703 510 graecis
730 462 870 502 μικρός,
906 472 1040 505 parvus
1068 467 1105 493 et
1132 458 1273 504 πέπλος,
1301 459 1584 504 vestimentum,
1614 472 1761 506 compo-

216 534 344 567 situm.
419 532 567 564 Nomen
599 530 719 577 igitur
755 527 893 572 speciei
926 527 975 559 sit
1007 526 1265 571 iWicropeplus
1306 534 1479 571 porcatus
1520 534 1557 560 et
1594 539 1673 561 non
1706 529 1759 561 M.

215 601 398 642 sulcatus,
443 599 553 642 quale
581 598 626 630 cl.
656 595 799 636 Dejean
824 595 850 628 1.
877 605 907 626 c.
934 592 1141 638 proposuit.

316 665 554 700 Clarissimus
583 662 786 706 Gyllenhal
815 660 962 706 egregie
989 659 1059 691 hoc
1087 658 1364 692 animalculum
1393 659 1598 704 descripsit.
1678 660 1761 694 Sin-

213 732 354 779 gularis
381 742 464 765 vero
492 736 679 763 structura
705 726 868 760 thoracis
897 725 1183 758 celeberrimum
1209 725 1334 757 virum
1368 725 1522 758 fortasse
1554 727 1759 771 praeteriit.

212 800 278 832 Est
304 798 450 832 scilicet
476 796 520 829 ad
544 797 660 828 latera
686 792 865 836 thoracis,
913 803 932 824 a
960 802 1109 823 summo
1144 802 1275 824 eorum
1305 791 1478 836 margine
1506 791 1666 837 distans,
1706 795 1758 827 10-

214 866 321 897 culus
350 863 529 896 distincte
554 860 780 894 terminatus
808 866 845 891 et
871 858 1046 901 materie,
1089 865 1133 890 ut
1160 858 1325 902 videtur,
1368 857 1496 889 minus
1524 858 1663 891 solidus
1691 870 1757 891 seu

212 938 445 975 compactus,
488 940 602 973 quam
634 927 779 970 reliqua
812 925 973 958 thoracis
1005 936 1104 969 pars,
1150 924 1216 968 qui
1244 931 1343 957 certo
1370 924 1447 957 situ
1474 924 1617 958 lumini
1645 937 1756 970 oppo-

209 997 303 1031 situs
331 998 428 1031 laete
454 996 560 1028 rufus
588 993 829 1038 conspicitur.
906 992 1076 1024 Eandem
1103 992 1326 1035 qualitatem
1352 991 1494 1024 habent
1527 999 1649 1025 costae
1676 993 1755 1025 lon-

208 1064 439 1111 gitudinales
466 1062 508 1095 in
534 1061 725 1106 superiore
760 1058 970 1092 abdominis
997 1065 1119 1103 parte,
1160 1059 1282 1091 foveas
1317 1059 1396 1100 ejus
1433 1058 1637 1103 profundas
1670 1069 1755 1091 con-

206 1130 394 1175 ficientes,
437 1130 489 1162 ita
515 1136 560 1161 ut
587 1127 674 1161 solis
702 1125 814 1159 radiis
843 1124 1032 1168 expositae
1065 1132 1103 1157 et
1136 1136 1157 1157 a
1189 1125 1304 1157 latere
1337 1124 1528 1168 inspectae
1561 1132 1754 1170 segmenta

207 1195 460 1230 abdominalia
486 1193 639 1239 punctis
667 1191 837 1237 pulchris
864 1190 986 1237 igneis
1015 1191 1193 1223 adornare
1220 1189 1429 1223 videantur.

308 1262 526 1295 Notandum
551 1271 660 1305 porro
688 1266 760 1302 est,
802 1257 1028 1290 clarissimos
1055 1256 1215 1300 Paykull
1243 1264 1281 1289 et
1304 1256 1508 1301 Gyllenhal
1535 1257 1606 1290 hoc
1634 1256 1752 1290 insec-

206 1338 291 1362 tum
318 1328 360 1362 in
380 1336 539 1362 stercore
564 1325 721 1370 bovino,
757 1324 936 1358 Rossium
962 1323 1004 1356 in
1031 1323 1151 1356 tritici
1178 1323 1301 1356 aristis
1329 1331 1366 1356 et
1393 1324 1434 1356 in
1460 1323 1546 1356 rubi
1571 1323 1672 1356 foliis
1700 1336 1752 1357 re-

202 1396 351 1441 perisse.
429 1395 476 1427 In
516 1392 647 1426 Silesia
686 1403 753 1437 per
790 1393 872 1426 aera
912 1392 1040 1424 volans
1076 1398 1113 1423 et
1147 1391 1189 1424 in
1225 1391 1458 1438 graminibus
1491 1398 1528 1424 et
1563 1391 1748 1424 fruticetis

203 1471 356 1507 captum
390 1468 455 1495 est.

577 1659 934 1716 Byrrhus
1018 1669 1367 1702 auratus.

765 1751 872 1790 (Meg.
898 1749 936 1778 de
960 1750 1178 1788 Muehlfeld.)

198 1850 236 1882 B.
259 1846 512 1893 ferrugineus,
547 1845 738 1891 globOSUS,
772 1845 923 1878 thorace
949 1844 1153 1889 elytrisque
1180 1842 1435 1890 glaberrimis‚
1470 1843 1742 1877 aureo-aeneis.

196 1932 349 1965 Habitat
376 1931 417 1963 in
441 1928 646 1963 Carinthia.

298 2015 437 2059 Byrrho
470 2013 612 2046 nitenti
645 2012 748 2045 Fabr.
782 2020 819 2046 et
850 2013 889 2046 B.
918 2011 1107 2046 concolori
1134 2011 1293 2045 Sturmii
1326 2008 1472 2053 affinis,
1519 2010 1583 2043 sed
1615 2011 1737 2044 multo

195 2083 326 2126 major,
372 2082 410 2113 B.
445 2091 605 2113 aeneum
640 2091 817 2124 aequans:
865 2080 969 2113 valde
1003 2079 1177 2125 globosus
1205 2085 1261 2111 est
1294 2084 1331 2110 et
1357 2078 1474 2120 elytra
1501 2087 1587 2109 cum
1617 2077 1737 2122 capite

196 2149 418 2192 thoraceque
455 2155 534 2180 tam
572 2147 763 2180 subtiliter
800 2154 890 2180 sunt
929 2154 1126 2192 punctata,
1179 2153 1223 2179 ut
1265 2143 1488 2190 glaberrima
1529 2144 1735 2178 videantur.

197 2215 306 2248 Color
343 2226 478 2247 aeneus
521 2213 650 2247 minus
692 2226 780 2247 curn
816 2213 928 2247 viridi
968 2221 1004 2247 et
1044 2213 1163 2260 magis
1200 2224 1288 2246 cum
1321 2211 1454 2246 flavido
1493 2210 1634 2243 mixtus
1670 2218 1735 2254 est,

196 2281 353 2325 ideoque
379 2281 504 2325 potius
533 2293 643 2315 aureo
659 2293 824 2316 -aeneus
851 2281 1106 2327 appellandus.
1185 2281 1382 2315 Caeterum
1416 2291 1435 2312 a
1465 2277 1734 2322 congeneribus

195 2348 294 2381 haud
324 2348 500 2381 diversus.

1236 2525 1343 2563 26²
