<?xml version="1.0" encoding="UTF-8"?>
<!DOCTYPE html PUBLIC "-//W3C//DTD XHTML 1.0 Transitional//EN"
    "http://www.w3.org/TR/xhtml1/DTD/xhtml1-transitional.dtd">
<html xmlns="http://www.w3.org/1999/xhtml" xml:lang="en" lang="en">
 <head>
  <title>
</title>
<meta http-equiv="Content-Type" content="text/html;charset=utf-8" />
  <meta name='ocr-system' content='tesseract 3.04.00' />
  <meta name='ocr-capabilities' content='ocr_page ocr_carea ocr_par ocr_line ocrx_word'/>
</head>
<body>
  <div class='ocr_page' id='page_1' title='image "./horaeentomologic00char/horaeentomologic00char_0065.png"; bbox 0 0 2310 3292; ppageno 0'>
   <div class='ocr_carea' id='block_1_1' title="bbox 1684 339 1757 371">
    <p class='ocr_par' dir='ltr' id='par_1_1' title="bbox 1684 339 1757 371">
     <span class='ocr_line' id='line_1_1' title="bbox 1684 339 1757 371; baseline 0 0"><span class='ocrx_word' id='word_1_1' title='bbox 1684 339 1757 371; x_wconf 72' lang='lat'>223</span> 
     </span>
    </p>
   </div>
   <div class='ocr_carea' id='block_1_2' title="bbox 211 430 1757 611">
    <p class='ocr_par' dir='ltr' id='par_1_2' title="bbox 211 430 1757 611">
     <span class='ocr_line' id='line_1_2' title="bbox 315 430 1755 481; baseline -0.001 -12"><span class='ocrx_word' id='word_1_2' title='bbox 315 438 443 481; x_wconf 85' lang='lat' dir='ltr'>Elytra</span> <span class='ocrx_word' id='word_1_3' title='bbox 474 433 709 476; x_wconf 81' lang='lat' dir='ltr'>atro-fusca,</span> <span class='ocrx_word' id='word_1_4' title='bbox 758 433 881 465; x_wconf 89' lang='lat' dir='ltr'>colore</span> <span class='ocrx_word' id='word_1_5' title='bbox 915 431 1231 465; x_wconf 84' lang='lat' dir='ltr'>aeneo-violaceo</span> <span class='ocrx_word' id='word_1_6' title='bbox 1264 430 1356 464; x_wconf 84' lang='lat' dir='ltr'>hinc</span> <span class='ocrx_word' id='word_1_7' title='bbox 1390 431 1500 465; x_wconf 87' lang='lat' dir='ltr'>illinc</span> <span class='ocrx_word' id='word_1_8' title='bbox 1528 434 1755 478; x_wconf 78' lang='lat' dir='ltr'>perlucente.</span> 
     </span>
     <span class='ocr_line' id='line_1_3' title="bbox 212 498 1757 546; baseline -0.003 -8"><span class='ocrx_word' id='word_1_9' title='bbox 212 504 341 539; x_wconf 79' lang='lat' dir='ltr'>Lineis</span> <span class='ocrx_word' id='word_1_10' title='bbox 370 502 488 535; x_wconf 84' lang='lat' dir='ltr'>tribus</span> <span class='ocrx_word' id='word_1_11' title='bbox 515 500 637 543; x_wconf 85' lang='lat' dir='ltr'>rectis,</span> <span class='ocrx_word' id='word_1_12' title='bbox 672 498 837 542; x_wconf 81' lang='lat' dir='ltr'>elevatis,</span> <span class='ocrx_word' id='word_1_13' title='bbox 872 498 1229 545; x_wconf 84' lang='lat' dir='ltr'>longitudinalibus.</span> <span class='ocrx_word' id='word_1_14' title='bbox 1290 499 1448 531; x_wconf 84' lang='lat' dir='ltr'>Suturae</span> <span class='ocrx_word' id='word_1_15' title='bbox 1475 506 1513 532; x_wconf 83' lang='lat' dir='ltr'>et</span> <span class='ocrx_word' id='word_1_16' title='bbox 1539 501 1757 546; x_wconf 81' lang='lat' dir='ltr'>marginum</span> 
     </span>
     <span class='ocr_line' id='line_1_4' title="bbox 211 565 1757 611; baseline -0.002 -6"><span class='ocrx_word' id='word_1_17' title='bbox 211 569 425 605; x_wconf 82' lang='lat' dir='ltr'>lateralium</span> <span class='ocrx_word' id='word_1_18' title='bbox 452 570 554 602; x_wconf 88' lang='lat' dir='ltr'>color</span> <span class='ocrx_word' id='word_1_19' title='bbox 579 566 741 610; x_wconf 87' lang='lat' dir='ltr'>albidus,</span> <span class='ocrx_word' id='word_1_20' title='bbox 782 565 930 609; x_wconf 81' lang='lat' dir='ltr'>apicem</span> <span class='ocrx_word' id='word_1_21' title='bbox 956 576 1034 597; x_wconf 91' lang='lat' dir='ltr'>non</span> <span class='ocrx_word' id='word_1_22' title='bbox 1061 565 1271 610; x_wconf 82' lang='lat' dir='ltr'>attingens,</span> <span class='ocrx_word' id='word_1_23' title='bbox 1310 573 1348 598; x_wconf 87' lang='lat' dir='ltr'>et</span> <span class='ocrx_word' id='word_1_24' title='bbox 1369 565 1504 598; x_wconf 80' lang='lat' dir='ltr'>fasciae</span> <span class='ocrx_word' id='word_1_25' title='bbox 1530 566 1623 600; x_wconf 88' lang='lat' dir='ltr'>duae</span> <span class='ocrx_word' id='word_1_26' title='bbox 1651 569 1757 611; x_wconf 70' lang='lat' dir='ltr'>latae,</span> 
     </span>
    </p>
   </div>
   <div class='ocr_carea' id='block_1_3' title="bbox 212 631 1659 758">
    <p class='ocr_par' dir='ltr' id='par_1_3' title="bbox 212 631 1659 758">
     <span class='ocr_line' id='line_1_5' title="bbox 212 631 1659 683; baseline -0.001 -15"><span class='ocrx_word' id='word_1_27' title='bbox 212 636 454 683; x_wconf 80' lang='lat' dir='ltr'>irregulares,</span> <span class='ocrx_word' id='word_1_28' title='bbox 501 634 590 680; x_wconf 87' lang='lat' dir='ltr'>pilis</span> <span class='ocrx_word' id='word_1_29' title='bbox 617 633 739 677; x_wconf 83' lang='lat' dir='ltr'>parvis</span> <span class='ocrx_word' id='word_1_30' title='bbox 766 631 899 677; x_wconf 84' lang='lat' dir='ltr'>griseis</span> <span class='ocrx_word' id='word_1_31' title='bbox 927 642 992 664; x_wconf 87' lang='lat' dir='ltr'>seu</span> <span class='ocrx_word' id='word_1_32' title='bbox 1019 631 1328 675; x_wconf 83' lang='lat' dir='ltr'>viridi-luridis,</span> <span class='ocrx_word' id='word_1_33' title='bbox 1377 632 1501 666; x_wconf 86' lang='lat' dir='ltr'>densis</span> <span class='ocrx_word' id='word_1_34' title='bbox 1529 640 1659 667; x_wconf 86' lang='lat' dir='ltr'>tectae.</span> 
     </span>
     <span class='ocr_line' id='line_1_6' title="bbox 313 714 1433 758; baseline -0.007 -5"><span class='ocrx_word' id='word_1_35' title='bbox 313 720 451 754; x_wconf 88' lang='lat' dir='ltr'>Subtus</span> <span class='ocrx_word' id='word_1_36' title='bbox 478 723 603 750; x_wconf 84' lang='lat' dir='ltr'>totum</span> <span class='ocrx_word' id='word_1_37' title='bbox 630 722 773 758; x_wconf 87' lang='lat' dir='ltr'>atrum,</span> <span class='ocrx_word' id='word_1_38' title='bbox 815 714 904 758; x_wconf 83' lang='lat' dir='ltr'>pilis</span> <span class='ocrx_word' id='word_1_39' title='bbox 933 714 1252 747; x_wconf 83' lang='lat' dir='ltr'>cinerascentibus</span> <span class='ocrx_word' id='word_1_40' title='bbox 1279 721 1433 747; x_wconf 85' lang='lat' dir='ltr'>tectum.</span> 
     </span>
    </p>
   </div>
   <div class='ocr_carea' id='block_1_4' title="bbox 312 795 1757 846">
    <p class='ocr_par' dir='ltr' id='par_1_4' title="bbox 312 795 1757 846">
     <span class='ocr_line' id='line_1_7' title="bbox 312 795 1757 846; baseline -0.001 -12"><span class='ocrx_word' id='word_1_41' title='bbox 312 801 425 835; x_wconf 84' lang='lat' dir='ltr'>Pedes</span> <span class='ocrx_word' id='word_1_42' title='bbox 453 798 542 843; x_wconf 86' lang='lat' dir='ltr'>pilis</span> <span class='ocrx_word' id='word_1_43' title='bbox 570 797 755 841; x_wconf 84' lang='lat' dir='ltr'>minimis,</span> <span class='ocrx_word' id='word_1_44' title='bbox 790 796 921 829; x_wconf 81' lang='lat' dir='ltr'>albidis</span> <span class='ocrx_word' id='word_1_45' title='bbox 950 795 1078 828; x_wconf 81' lang='lat' dir='ltr'>obsiti:</span> <span class='ocrx_word' id='word_1_46' title='bbox 1113 795 1255 828; x_wconf 82' lang='lat' dir='ltr'>femora</span> <span class='ocrx_word' id='word_1_47' title='bbox 1277 795 1354 828; x_wconf 83' lang='lat' dir='ltr'>basi</span> <span class='ocrx_word' id='word_1_48' title='bbox 1373 798 1470 841; x_wconf 80' lang='lat' dir='ltr'>rufa,</span> <span class='ocrx_word' id='word_1_49' title='bbox 1505 799 1609 843; x_wconf 83' lang='lat' dir='ltr'>apice</span> <span class='ocrx_word' id='word_1_50' title='bbox 1633 800 1757 846; x_wconf 75' lang='lat' dir='ltr'>nigra:</span> 
     </span>
    </p>
   </div>
   <div class='ocr_carea' id='block_1_5' title="bbox 213 862 939 909">
    <p class='ocr_par' dir='ltr' id='par_1_5' title="bbox 213 862 939 909">
     <span class='ocr_line' id='line_1_8' title="bbox 213 862 939 909; baseline -0.012 -6"><span class='ocrx_word' id='word_1_51' title='bbox 213 869 326 903; x_wconf 82' lang='lat' dir='ltr'>tibiae</span> <span class='ocrx_word' id='word_1_52' title='bbox 352 866 474 909; x_wconf 84' lang='lat' dir='ltr'>rufae,</span> <span class='ocrx_word' id='word_1_53' title='bbox 524 864 615 898; x_wconf 82' lang='lat' dir='ltr'>tarsi</span> <span class='ocrx_word' id='word_1_54' title='bbox 641 864 739 898; x_wconf 83' lang='lat' dir='ltr'>fusci</span> <span class='ocrx_word' id='word_1_55' title='bbox 766 874 832 896; x_wconf 89' lang='lat' dir='ltr'>seu</span> <span class='ocrx_word' id='word_1_56' title='bbox 857 862 939 895; x_wconf 84' lang='lat' dir='ltr'>atri.</span> 
     </span>
    </p>
   </div>
   <div class='ocr_carea' id='block_1_6' title="bbox 640 1109 1332 1165">
    <p class='ocr_par' dir='ltr' id='par_1_6' title="bbox 640 1109 1332 1165">
     <span class='ocr_line' id='line_1_9' title="bbox 640 1109 1332 1165; baseline -0.006 -12"><span class='ocrx_word' id='word_1_57' title='bbox 640 1109 996 1165; x_wconf 83' lang='lat' dir='ltr'>Saperda</span> <span class='ocrx_word' id='word_1_58' title='bbox 1064 1110 1332 1150; x_wconf 88' lang='lat' dir='ltr'>Phoca.</span> 
     </span>
    </p>
   </div>
   <div class='ocr_carea' id='block_1_7' title="bbox 360 1232 1757 1446">
    <p class='ocr_par' dir='ltr' id='par_1_7' title="bbox 362 1232 1757 1325">
     <span class='ocr_line' id='line_1_10' title="bbox 362 1232 1757 1274; baseline -0.004 -7"><span class='ocrx_word' id='word_1_59' title='bbox 362 1239 434 1268; x_wconf 86' lang='lat' dir='ltr'>Nat.</span> <span class='ocrx_word' id='word_1_60' title='bbox 459 1237 589 1266; x_wconf 84' lang='lat' dir='ltr'>Forsch.</span> <span class='ocrx_word' id='word_1_61' title='bbox 625 1235 718 1264; x_wconf 89' lang='lat' dir='ltr'>Tom.</span> <span class='ocrx_word' id='word_1_62' title='bbox 742 1232 874 1262; x_wconf 90' lang='lat' dir='ltr'>XXVII.</span> <span class='ocrx_word' id='word_1_63' title='bbox 905 1243 975 1272; x_wconf 84' lang='lat' dir='ltr'>pag.</span> <span class='ocrx_word' id='word_1_64' title='bbox 1001 1234 1072 1264; x_wconf 83' lang='lat'><strong>139.</strong></span> <span class='ocrx_word' id='word_1_65' title='bbox 1116 1232 1281 1262; x_wconf 77' lang='lat' dir='ltr'>Dissertat.</span> <span class='ocrx_word' id='word_1_66' title='bbox 1306 1238 1434 1261; x_wconf 79' lang='lat' dir='ltr'>auctore</span> <span class='ocrx_word' id='word_1_67' title='bbox 1457 1232 1641 1261; x_wconf 86' lang='lat' dir='ltr'>Froehlich.</span> <span class='ocrx_word' id='word_1_68' title='bbox 1687 1236 1757 1274; x_wconf 71' lang='lat' dir='ltr'>Sap.</span> 
     </span>
     <span class='ocr_line' id='line_1_11' title="bbox 451 1295 569 1325; baseline -0.017 -1"><span class='ocrx_word' id='word_1_69' title='bbox 451 1295 569 1325; x_wconf 81' lang='lat' dir='ltr'>Phoca.</span> 
     </span>
    </p>

    <p class='ocr_par' dir='ltr' id='par_1_8' title="bbox 360 1348 1229 1388">
     <span class='ocr_line' id='line_1_12' title="bbox 360 1348 1229 1388; baseline -0.008 -5"><span class='ocrx_word' id='word_1_70' title='bbox 360 1353 519 1384; x_wconf 83' lang='lat' dir='ltr'>Laichart.</span> <span class='ocrx_word' id='word_1_71' title='bbox 554 1351 648 1380; x_wconf 89' lang='lat' dir='ltr'>Tom.</span> <span class='ocrx_word' id='word_1_72' title='bbox 672 1350 714 1379; x_wconf 88' lang='grc' dir='ltr'>ΙΙ.</span> <span class='ocrx_word' id='word_1_73' title='bbox 750 1358 818 1388; x_wconf 83' lang='lat' dir='ltr'>pag.</span> <span class='ocrx_word' id='word_1_74' title='bbox 843 1351 894 1381; x_wconf 85' lang='lat'>31.</span> <span class='ocrx_word' id='word_1_75' title='bbox 941 1348 1079 1387; x_wconf 78' lang='lat' dir='ltr'>saperda</span> <span class='ocrx_word' id='word_1_76' title='bbox 1107 1349 1229 1378; x_wconf 86' lang='lat' dir='ltr'>similis.</span> 
     </span>
    </p>

    <p class='ocr_par' dir='ltr' id='par_1_9' title="bbox 362 1407 1067 1446">
     <span class='ocr_line' id='line_1_13' title="bbox 362 1407 1067 1446; baseline -0.007 -6"><span class='ocrx_word' id='word_1_77' title='bbox 362 1411 516 1441; x_wconf 69' lang='lat' dir='ltr'>Scin-ank.</span> <span class='ocrx_word' id='word_1_78' title='bbox 543 1410 580 1439; x_wconf 90' lang='lat' dir='ltr'>F.</span> <span class='ocrx_word' id='word_1_79' title='bbox 603 1409 689 1438; x_wconf 89' lang='lat' dir='ltr'>Boic.</span> <span class='ocrx_word' id='word_1_80' title='bbox 724 1407 818 1437; x_wconf 86' lang='lat' dir='ltr'>Tom.</span> <span class='ocrx_word' id='word_1_81' title='bbox 843 1408 868 1438; x_wconf 93' lang='grc' dir='ltr'>Ι.</span> <span class='ocrx_word' id='word_1_82' title='bbox 902 1417 972 1446; x_wconf 83' lang='lat' dir='ltr'>pag.</span> <span class='ocrx_word' id='word_1_83' title='bbox 997 1408 1067 1439; x_wconf 84' lang='lat'>665.</span> 
     </span>
    </p>
   </div>
   <div class='ocr_carea' id='block_1_8' title="bbox 212 1484 916 1524">
    <p class='ocr_par' dir='ltr' id='par_1_10' title="bbox 212 1484 916 1524">
     <span class='ocr_line' id='line_1_14' title="bbox 212 1484 916 1524; baseline -0.011 0"><span class='ocrx_word' id='word_1_84' title='bbox 212 1490 366 1524; x_wconf 80' lang='lat' dir='ltr'>Habitat</span> <span class='ocrx_word' id='word_1_85' title='bbox 393 1487 490 1521; x_wconf 80' lang='lat' dir='ltr'>circa</span> <span class='ocrx_word' id='word_1_86' title='bbox 516 1486 704 1519; x_wconf 82' lang='lat' dir='ltr'>Viennam</span> <span class='ocrx_word' id='word_1_87' title='bbox 733 1484 916 1518; x_wconf 84' lang='lat' dir='ltr'>Austriae.</span> 
     </span>
    </p>
   </div>
   <div class='ocr_carea' id='block_1_9' title="bbox 213 1562 1762 1819">
    <p class='ocr_par' dir='ltr' id='par_1_11' title="bbox 213 1562 1762 1819">
     <span class='ocr_line' id='line_1_15' title="bbox 311 1562 1761 1613; baseline -0.004 -9"><span class='ocrx_word' id='word_1_88' title='bbox 311 1571 431 1606; x_wconf 87' lang='lat' dir='ltr'>Miror</span> <span class='ocrx_word' id='word_1_89' title='bbox 456 1571 555 1603; x_wconf 80' lang='lat' dir='ltr'>hanc</span> <span class='ocrx_word' id='word_1_90' title='bbox 583 1567 784 1613; x_wconf 86' lang='lat' dir='ltr'>Saperdam</span> <span class='ocrx_word' id='word_1_91' title='bbox 811 1578 831 1599; x_wconf 87' lang='lat' dir='ltr'>a</span> <span class='ocrx_word' id='word_1_92' title='bbox 856 1565 947 1600; x_wconf 87' lang='lat' dir='ltr'>viris</span> <span class='ocrx_word' id='word_1_93' title='bbox 975 1563 1084 1598; x_wconf 85' lang='lat' dir='ltr'>claris</span> <span class='ocrx_word' id='word_1_94' title='bbox 1112 1563 1314 1597; x_wconf 85' lang='lat' dir='ltr'>Froehlich</span> <span class='ocrx_word' id='word_1_95' title='bbox 1345 1570 1383 1596; x_wconf 91' lang='lat' dir='ltr'>et</span> <span class='ocrx_word' id='word_1_96' title='bbox 1409 1562 1656 1610; x_wconf 79' lang='lat' dir='ltr'>Laicharting</span> <span class='ocrx_word' id='word_1_97' title='bbox 1683 1572 1761 1598; x_wconf 86' lang='lat' dir='ltr'>tam</span> 
     </span>
     <span class='ocr_line' id='line_1_16' title="bbox 213 1629 1761 1682; baseline -0.005 -9"><span class='ocrx_word' id='word_1_98' title='bbox 213 1642 307 1673; x_wconf 91' lang='lat' dir='ltr'>bene</span> <span class='ocrx_word' id='word_1_99' title='bbox 335 1637 561 1682; x_wconf 85' lang='lat' dir='ltr'>descriptam</span> <span class='ocrx_word' id='word_1_100' title='bbox 597 1643 634 1668; x_wconf 90' lang='lat' dir='ltr'>et</span> <span class='ocrx_word' id='word_1_101' title='bbox 665 1646 685 1667; x_wconf 86' lang='lat' dir='ltr'>a</span> <span class='ocrx_word' id='word_1_102' title='bbox 719 1635 802 1678; x_wconf 88' lang='lat' dir='ltr'>Sap.</span> <span class='ocrx_word' id='word_1_103' title='bbox 830 1632 1027 1666; x_wconf 84' lang='lat' dir='ltr'>Carcharia</span> <span class='ocrx_word' id='word_1_104' title='bbox 1053 1639 1132 1664; x_wconf 81' lang='lat' dir='ltr'>tam</span> <span class='ocrx_word' id='word_1_105' title='bbox 1159 1630 1360 1663; x_wconf 75' lang='lat' dir='ltr'>manifesto</span> <span class='ocrx_word' id='word_1_106' title='bbox 1389 1629 1609 1663; x_wconf 85' lang='lat' dir='ltr'>distinctam</span> <span class='ocrx_word' id='word_1_107' title='bbox 1636 1642 1677 1664; x_wconf 88' lang='lat' dir='ltr'>ac</span> <span class='ocrx_word' id='word_1_108' title='bbox 1710 1633 1761 1665; x_wconf 85' lang='lat' dir='ltr'>di-</span> 
     </span>
     <span class='ocr_line' id='line_1_17' title="bbox 214 1698 1761 1748; baseline -0.005 -8"><span class='ocrx_word' id='word_1_109' title='bbox 214 1718 356 1741; x_wconf 85' lang='lat' dir='ltr'>versam</span> <span class='ocrx_word' id='word_1_110' title='bbox 392 1716 411 1737; x_wconf 86' lang='lat' dir='ltr'>a</span> <span class='ocrx_word' id='word_1_111' title='bbox 442 1703 614 1748; x_wconf 86' lang='lat' dir='ltr'>pluribus</span> <span class='ocrx_word' id='word_1_112' title='bbox 648 1700 891 1746; x_wconf 87' lang='lat' dir='ltr'>scriptoribus</span> <span class='ocrx_word' id='word_1_113' title='bbox 926 1698 1198 1732; x_wconf 88' lang='lat' dir='ltr'>recentioribus</span> <span class='ocrx_word' id='word_1_114' title='bbox 1233 1705 1298 1731; x_wconf 88' lang='lat' dir='ltr'>aut</span> <span class='ocrx_word' id='word_1_115' title='bbox 1335 1698 1449 1742; x_wconf 82' lang='lat' dir='ltr'>plane</span> <span class='ocrx_word' id='word_1_116' title='bbox 1482 1698 1659 1731; x_wconf 81' lang='lat' dir='ltr'>omissam</span> <span class='ocrx_word' id='word_1_117' title='bbox 1697 1708 1761 1733; x_wconf 83' lang='lat' dir='ltr'>aut</span> 
     </span>
     <span class='ocr_line' id='line_1_18' title="bbox 214 1765 1762 1819; baseline -0.005 -12"><span class='ocrx_word' id='word_1_118' title='bbox 214 1785 280 1819; x_wconf 88' lang='lat' dir='ltr'>pro</span> <span class='ocrx_word' id='word_1_119' title='bbox 308 1773 343 1806; x_wconf 91' lang='lat' dir='ltr'>S.</span> <span class='ocrx_word' id='word_1_120' title='bbox 370 1770 588 1805; x_wconf 78' lang='lat' dir='ltr'>Carchariae</span> <span class='ocrx_word' id='word_1_121' title='bbox 615 1769 792 1803; x_wconf 84' lang='lat' dir='ltr'>varietate</span> <span class='ocrx_word' id='word_1_122' title='bbox 818 1766 987 1800; x_wconf 88' lang='lat' dir='ltr'>habitam</span> <span class='ocrx_word' id='word_1_123' title='bbox 1015 1777 1103 1798; x_wconf 85' lang='lat' dir='ltr'>esse.</span> <span class='ocrx_word' id='word_1_124' title='bbox 1182 1766 1262 1810; x_wconf 83' lang='lat' dir='ltr'>Qua</span> <span class='ocrx_word' id='word_1_125' title='bbox 1296 1765 1341 1798; x_wconf 89' lang='lat' dir='ltr'>de</span> <span class='ocrx_word' id='word_1_126' title='bbox 1374 1775 1483 1797; x_wconf 86' lang='lat' dir='ltr'>causa</span> <span class='ocrx_word' id='word_1_127' title='bbox 1518 1772 1553 1797; x_wconf 84' lang='lat' dir='ltr'>et</span> <span class='ocrx_word' id='word_1_128' title='bbox 1590 1776 1636 1798; x_wconf 87' lang='lat' dir='ltr'>ne</span> <span class='ocrx_word' id='word_1_129' title='bbox 1671 1766 1762 1799; x_wconf 89' lang='lat' dir='ltr'>obli-</span> 
     </span>
    </p>
   </div>
   <div class='ocr_carea' id='block_1_10' title="bbox 214 1832 1632 1966">
    <p class='ocr_par' dir='ltr' id='par_1_12' title="bbox 214 1832 1632 1966">
     <span class='ocr_line' id='line_1_19' title="bbox 214 1832 1054 1879; baseline -0.01 -6"><span class='ocrx_word' id='word_1_130' title='bbox 214 1840 318 1873; x_wconf 77' lang='lat' dir='ltr'>vioni</span> <span class='ocrx_word' id='word_1_131' title='bbox 345 1838 511 1872; x_wconf 83' lang='lat' dir='ltr'>tradatur</span> <span class='ocrx_word' id='word_1_132' title='bbox 538 1849 620 1870; x_wconf 85' lang='lat' dir='ltr'>eam</span> <span class='ocrx_word' id='word_1_133' title='bbox 646 1836 710 1869; x_wconf 83' lang='lat' dir='ltr'>hic</span> <span class='ocrx_word' id='word_1_134' title='bbox 737 1836 859 1869; x_wconf 86' lang='lat' dir='ltr'>denuo</span> <span class='ocrx_word' id='word_1_135' title='bbox 883 1832 1054 1879; x_wconf 73' lang='lat' dir='ltr'>produxi.</span> 
     </span>
     <span class='ocr_line' id='line_1_20' title="bbox 316 1914 1632 1966; baseline -0.006 -10"><span class='ocrx_word' id='word_1_136' title='bbox 316 1920 596 1966; x_wconf 81' lang='lat' dir='ltr'>Descriptiones</span> <span class='ocrx_word' id='word_1_137' title='bbox 626 1930 738 1964; x_wconf 88' lang='lat' dir='ltr'>supra</span> <span class='ocrx_word' id='word_1_138' title='bbox 763 1918 931 1952; x_wconf 83' lang='lat' dir='ltr'>laudatas</span> <span class='ocrx_word' id='word_1_139' title='bbox 959 1927 1037 1949; x_wconf 86' lang='lat' dir='ltr'>non</span> <span class='ocrx_word' id='word_1_140' title='bbox 1064 1922 1211 1959; x_wconf 81' lang='lat' dir='ltr'>repetO,</span> <span class='ocrx_word' id='word_1_141' title='bbox 1252 1915 1315 1947; x_wconf 84' lang='lat' dir='ltr'>sed</span> <span class='ocrx_word' id='word_1_142' title='bbox 1342 1925 1461 1958; x_wconf 82' lang='lat' dir='ltr'>pauca</span> <span class='ocrx_word' id='word_1_143' title='bbox 1486 1914 1632 1955; x_wconf 74' lang='lat' dir='ltr'>adjicio.</span> 
     </span>
    </p>
   </div>
   <div class='ocr_carea' id='block_1_11' title="bbox 216 1997 1763 2251">
    <p class='ocr_par' dir='ltr' id='par_1_13' title="bbox 216 1997 1763 2251">
     <span class='ocr_line' id='line_1_21' title="bbox 318 1997 1763 2044; baseline -0.003 -6"><span class='ocrx_word' id='word_1_144' title='bbox 318 2006 429 2039; x_wconf 86' lang='lat' dir='ltr'>Color</span> <span class='ocrx_word' id='word_1_145' title='bbox 461 2003 798 2038; x_wconf 68' lang='lat' dir='ltr'>albido-cineretis</span> <span class='ocrx_word' id='word_1_146' title='bbox 832 2002 947 2044; x_wconf 80' lang='lat' dir='ltr'>hujus</span> <span class='ocrx_word' id='word_1_147' title='bbox 974 1998 1153 2044; x_wconf 84' lang='lat' dir='ltr'>Saperdae</span> <span class='ocrx_word' id='word_1_148' title='bbox 1184 1997 1377 2030; x_wconf 87' lang='lat' dir='ltr'>interdum</span> <span class='ocrx_word' id='word_1_149' title='bbox 1403 1997 1618 2042; x_wconf 85' lang='lat' dir='ltr'>paullulum</span> <span class='ocrx_word' id='word_1_150' title='bbox 1644 1999 1685 2032; x_wconf 86' lang='lat' dir='ltr'>in</span> <span class='ocrx_word' id='word_1_151' title='bbox 1712 2001 1763 2033; x_wconf 77' lang='lat' dir='ltr'>vi-</span> 
     </span>
     <span class='ocr_line' id='line_1_22' title="bbox 216 2064 1762 2118; baseline -0.005 -10"><span class='ocrx_word' id='word_1_152' title='bbox 216 2074 295 2108; x_wconf 89' lang='lat' dir='ltr'>ride</span> <span class='ocrx_word' id='word_1_153' title='bbox 320 2072 451 2118; x_wconf 83' lang='lat' dir='ltr'>vergit.</span> <span class='ocrx_word' id='word_1_154' title='bbox 530 2071 735 2104; x_wconf 84' lang='lat' dir='ltr'>Oculorum</span> <span class='ocrx_word' id='word_1_155' title='bbox 762 2080 863 2114; x_wconf 73' lang='lat' dir='ltr'>pars,</span> <span class='ocrx_word' id='word_1_156' title='bbox 898 2067 996 2100; x_wconf 84' lang='lat' dir='ltr'>infra</span> <span class='ocrx_word' id='word_1_157' title='bbox 1023 2073 1277 2099; x_wconf 85' lang='lat' dir='ltr'>antennarum</span> <span class='ocrx_word' id='word_1_158' title='bbox 1304 2064 1411 2097; x_wconf 84' lang='lat' dir='ltr'>basin</span> <span class='ocrx_word' id='word_1_159' title='bbox 1439 2071 1606 2109; x_wconf 85' lang='lat' dir='ltr'>extensa,</span> <span class='ocrx_word' id='word_1_160' title='bbox 1640 2068 1762 2100; x_wconf 89' lang='lat' dir='ltr'>multo</span> 
     </span>
     <span class='ocr_line' id='line_1_23' title="bbox 217 2131 1762 2183; baseline -0.005 -10"><span class='ocrx_word' id='word_1_161' title='bbox 217 2139 342 2173; x_wconf 85' lang='lat' dir='ltr'>minor</span> <span class='ocrx_word' id='word_1_162' title='bbox 375 2146 432 2172; x_wconf 79' lang='lat' dir='ltr'>est</span> <span class='ocrx_word' id='word_1_163' title='bbox 462 2150 576 2183; x_wconf 88' lang='lat' dir='ltr'>quam</span> <span class='ocrx_word' id='word_1_164' title='bbox 607 2138 651 2170; x_wconf 89' lang='lat' dir='ltr'>in</span> <span class='ocrx_word' id='word_1_165' title='bbox 685 2137 766 2181; x_wconf 78' lang='lat' dir='ltr'>Sap.</span> <span class='ocrx_word' id='word_1_166' title='bbox 799 2135 1011 2178; x_wconf 84' lang='lat' dir='ltr'>Carcharia,</span> <span class='ocrx_word' id='word_1_167' title='bbox 1059 2133 1112 2166; x_wconf 86' lang='lat' dir='ltr'>sic</span> <span class='ocrx_word' id='word_1_168' title='bbox 1145 2140 1189 2165; x_wconf 80' lang='lat' dir='ltr'>ut</span> <span class='ocrx_word' id='word_1_169' title='bbox 1214 2131 1326 2165; x_wconf 78' lang='lat' dir='ltr'>facies</span> <span class='ocrx_word' id='word_1_170' title='bbox 1360 2131 1393 2164; x_wconf 90' lang='lat' dir='ltr'>S.</span> <span class='ocrx_word' id='word_1_171' title='bbox 1421 2132 1566 2164; x_wconf 87' lang='lat' dir='ltr'>Phocae</span> <span class='ocrx_word' id='word_1_172' title='bbox 1594 2144 1613 2165; x_wconf 88' lang='lat' dir='ltr'>a</span> <span class='ocrx_word' id='word_1_173' title='bbox 1639 2133 1762 2168; x_wconf 82' lang='lat' dir='ltr'>fronte</span> 
     </span>
     <span class='ocr_line' id='line_1_24' title="bbox 219 2199 1762 2251; baseline -0.004 -11"><span class='ocrx_word' id='word_1_174' title='bbox 219 2207 295 2240; x_wconf 89' lang='lat' dir='ltr'>sive</span> <span class='ocrx_word' id='word_1_175' title='bbox 327 2213 432 2251; x_wconf 85' lang='lat' dir='ltr'>parte</span> <span class='ocrx_word' id='word_1_176' title='bbox 465 2205 590 2239; x_wconf 82' lang='lat' dir='ltr'>antica</span> <span class='ocrx_word' id='word_1_177' title='bbox 626 2205 796 2250; x_wconf 84' lang='lat' dir='ltr'>inspecta</span> <span class='ocrx_word' id='word_1_178' title='bbox 829 2202 982 2248; x_wconf 82' lang='lat' dir='ltr'>penitus</span> <span class='ocrx_word' id='word_1_179' title='bbox 1025 2212 1044 2233; x_wconf 89' lang='lat' dir='ltr'>a</span> <span class='ocrx_word' id='word_1_180' title='bbox 1076 2200 1172 2233; x_wconf 79' lang='lat' dir='ltr'>facie</span> <span class='ocrx_word' id='word_1_181' title='bbox 1209 2200 1243 2233; x_wconf 91' lang='lat' dir='ltr'>S.</span> <span class='ocrx_word' id='word_1_182' title='bbox 1277 2199 1495 2233; x_wconf 82' lang='lat' dir='ltr'>Carchariae</span> <span class='ocrx_word' id='word_1_183' title='bbox 1528 2200 1669 2233; x_wconf 87' lang='lat' dir='ltr'>diversa</span> <span class='ocrx_word' id='word_1_184' title='bbox 1702 2213 1762 2246; x_wconf 85' lang='lat' dir='ltr'>ap-</span> 
     </span>
    </p>
   </div>
   <div class='ocr_carea' id='block_1_12' title="bbox 218 2280 354 2318">
    <p class='ocr_par' dir='ltr' id='par_1_14' title="bbox 218 2280 354 2318">
     <span class='ocr_line' id='line_1_25' title="bbox 218 2280 354 2318; baseline -0.007 -11"><span class='ocrx_word' id='word_1_185' title='bbox 218 2280 354 2318; x_wconf 83' lang='lat' dir='ltr'>pareat.</span> 
     </span>
    </p>
   </div>
  </div>
 </body>
</html>
