2387 3307
22 2 61 25 <Uio-

1052 311 1067 327 >

1786 331 1814 361 V

379 436 482 476 Non
511 437 656 475 minus
688 443 805 491 grato
838 433 983 473 animo
1016 433 1146 472 amici
1171 420 1495 487 jucundissimi,
1539 431 1818 490 Entomologi

266 542 362 567 mea
390 525 516 566 laude
548 525 729 573 altioris,
777 521 938 578 Klug,
984 521 1299 561 Berolinensis:
1350 521 1565 562 clarorum
1593 522 1817 563 Helvetio-

265 630 363 657 rum
395 614 584 656 Studer
615 623 656 653 et
683 611 960 660 Meissner,
1008 609 1305 650 Professorum
1333 611 1519 652 Bernam
1547 614 1814 654 ornantium:

266 705 480 759 Heyeri,
530 701 931 757 Lueneburgensis:
984 698 1352 749 Zetterstedti,
1416 699 1596 741 celebris
1636 703 1821 743 Sueciae-

269 794 629 847 Orthopterorum
661 791 939 844 descriptoris
980 798 1020 829 et
1052 789 1308 838 Germari,
1360 789 1617 831 Professoris
1654 792 1818 832 Halen—

267 885 343 933 sis,
392 882 673 937 Entomologi
704 880 961 928 doctissimi,
1008 878 1359 919 benevolentiam
1390 888 1431 919 et
1459 879 1651 921 favorem
1682 897 1821 938 agno-

266 989 362 1024 sco,
414 974 491 1027 qui
528 986 679 1013 omnes
718 980 759 1011 et
795 969 986 1024 plurium
1022 981 1169 1008 reruni
1206 969 1406 1009 notitiam
1441 969 1552 1009 mihi
1582 971 1819 1023 praebuere

268 1072 310 1102 et
343 1063 510 1102 insecta
545 1075 726 1111 mecum
761 1059 1160 1105 communicavere,
1220 1057 1272 1096 de
1311 1071 1498 1110 quorum
1536 1059 1732 1111 pluribus
1771 1062 1819 1101 in

267 1151 406 1191 hocce
437 1149 581 1190 libello
613 1149 777 1201 scripsi.
837 1147 929 1186 Nec
962 1151 1071 1195 satIS,
1104 1155 1228 1198 atque
1260 1155 1307 1185 ut
1335 1160 1412 1199 par
1443 1155 1517 1196 est,
1551 1147 1821 1189 Reichen-

266 1238 443 1288 bachi,
498 1237 679 1277 celebris
716 1237 917 1276 Botanici
954 1235 1320 1290 Entomologique
1359 1235 1632 1286 Dresdensis,
1693 1240 1822 1279 amici

266 1329 467 1384 benigni,
519 1340 695 1380 operam
724 1327 773 1366 in
804 1325 994 1366 curanda
1024 1324 1266 1364 tabularum
1300 1324 1519 1378 sculptura
1557 1326 1695 1367 datam
1730 1328 1823 1367 lau-

268 1417 367 1457 dare
408 1430 596 1471 possum.

382 1505 542 1545 Paucas
573 1503 648 1543 has
679 1517 794 1543 meas
827 1503 1149 1543 observationes
1189 1511 1230 1541 et
1263 1502 1570 1543 illustrationes
1608 1504 1822 1545 1311101110-

269 1595 429 1650 logicas
468 1593 706 1633 litterarum
745 1593 960 1632 societatis
1002 1591 1185 1645 alicujus
1227 1593 1330 1631 actis
1369 1593 1560 1633 inserere
1606 1594 1821 1645 nolebam,

269 1698 404 1738 quum
435 1684 664 1737 separatim
692 1683 740 1722 in
770 1681 913 1721 lucem
952 1683 1130 1721 emissae
1170 1681 1338 1721 facilius
1377 1683 1424 1721 in
1462 1682 1652 1736 plurium
1684 1685 1824 1725 Ento-

269 1773 544 1828 mologorum
583 1784 736 1811 manus
775 1772 924 1810 venire
965 1779 1152 1824 possent.
1239 1770 1394 1810 Icones
1429 1785 1579 1811 omnes
1612 1773 1663 1812 ad
1695 1784 1824 1813 natu-

269 1876 362 1902 ram
396 1863 488 1915 ipse
527 1859 742 1900 delineavi
779 1869 820 1900 et
857 1874 949 1900 non
981 1869 1082 1900 sunt
1113 1860 1305 1914 exempla
1334 1863 1525 1915 repetita.
1614 1862 1825 1910 Quorun-

271 1950 370 1990 dam
397 1951 666 1990 inscctoru'm
695 1949 768 1989 hic
801 1949 1075 2004 depictorum
1104 1949 1312 1990 habemus
1342 1950 1517 2003 quidem
1548 1948 1703 2003 figuras
1736 1954 1824 1992 aeri

270 2041 449 2080 incisas:
496 2039 572 2079 sed
600 2053 733 2080 novas
766 2039 955 2093 adjicere
986 2041 1278 2080 necessarium
1308 2034 1554 2085 videbatur,
1606 2053 1705 2077 cum
1732 2041 1823 2080 illas

270 2129 536 2183 antiquiores
567 2142 661 2169 1101]
690 2130 749 2169 ita
780 2139 1044 2183 001npasfflas
1073 2114 1338 2173 invenirem,
1376 2133 1425 2164 Ut
1453 2124 1611 2166 horum
1641 2130 1825 2170 [infinal-

273 2218 472 2258 culorum
509 2218 730 2259 diversitas
772 2233 796 2258 a
837 2204 1061 2264 ,epeciebus
1102 2211 1307 2251 affinibus
1346 2213 1458 2253 bene
1503 2230 1552 2255 ex
1589 2217 1641 2256 iis
1680 2229 1823 2270 posset

273 2305 568 2348 demonstrari,
659 2300 879 2350 Quasdam
910 2302 1062 2340 icones
1095 2302 1356 2351 omisissem,
1410 2304 1445 2342 si
1475 2304 1678 2345 Ahrensii
1706 2306 1741 2346 F
1744 2323 1824 2348 au-

271 2407 352 2435 nae
383 2396 650 2432 insectorum
679 2390 878 2443 Europae
914 2382 1144 2431 fasciculos
1176 2392 1437 2443 posteriores
1468 2393 1587 2444 prius
1625 2398 1822 2450 accepis-

272 2495 382 2530 sem,
429 2493 558 2534 quam
587 2480 736 2518 icones
767 2493 888 2518 meae
922 2478 1238 2534 chalcographo
1280 2488 1420 2519 essent
1451 2484 1735 2525 transmissae.
