2325 3286
551 301 621 333 190

647 400 792 433 Marem
824 409 976 434 tantum
1008 402 1102 444 vidi,
1147 409 1183 433 et
1217 401 1257 433 in
1290 401 1461 445 pluribus
1496 402 1780 446 speciminibus.
1860 405 2007 438 Statura
2040 414 2094 439 est

547 467 603 499 El.
633 468 762 511 cyanei
790 468 1052 511 Muehlfeldii,
1093 469 1150 500 El.
1179 468 1401 514 aeruginoso
1430 470 1553 502 multo
1586 469 1723 503 minor.
1802 472 1925 516 Caput
1959 480 2094 510 atrum,

547 535 721 577 planum,
755 534 939 577 profunde
967 542 1004 567 et
1031 535 1422 579 multi-punctatum:
1463 536 1641 569 antennis
1664 543 1707 569 ut
1729 535 1772 569 in
1794 537 1850 570 El.
1873 539 2095 586 aeruginoso

546 599 765 642 pectinatis‚
805 600 936 646 nigris.

647 666 795 699 Thorax
830 669 953 700 multo
987 669 1136 715 longior
1168 681 1281 714 quam
1315 669 1445 712 latior,
1485 681 1689 713 convexus,
1736 669 1861 704 antice
1888 671 2094 716 angustior,

546 731 688 776 postice
715 735 865 780 angulis
894 736 1031 778 acutis,
1071 737 1320 770 subcurvatis:
1360 737 1532 783 margine
1558 736 1704 781 postico
1730 737 1952 771 trisinuato:
1995 738 2097 771 linea

548 799 683 832 dorsali
720 800 915 845 impressa:
962 802 1131 847 undique
1165 804 1318 848 punctis
1354 804 1620 848 crebrioribus,
1664 804 1862 848 profundis
1891 805 2094 850 impressis.

547 866 758 900 Scutellum
786 869 1253 916 rotundato-oblongum,
1296 883 1497 918 magnum,
1540 871 1778 916 impressum.

633 934 774 977 'Elytra
808 936 949 979 postice
991 936 1294 981 subacuminata,
1341 938 1487 970 striata:
1537 937 1637 970 striis
1678 937 1895 982 profundis,
1943 946 1987 972 ut
2022 939 2098 972 fere

547 1000 641 1032 sulci
676 1002 857 1045 appellari
891 1002 1053 1046 possint,
1099 1003 1247 1048 apicem
1280 1015 1405 1037 versus
1439 1003 1748 1048 profundioribus
1784 1016 1850 1038 seu
1881 1005 2001 1052 magis
2028 1006 2097 1038 im-

545 1067 698 1110 pressis,
749 1068 839 1102 hinc
867 1069 976 1102 illinc
1005 1069 1250 1115 interrupti33
1290 1070 1508 1104 interstitiis
1537 1068 1638 1103 inter
1666 1069 1772 1103 strias
1799 1071 1954 1115 punctis
1983 1071 2097 1105 subti-

545 1133 700 1166 lissimis
729 1135 995 1180 irregularibus
1022 1136 1225 1180 impressis.

648 1201 848 1247 Segmenta
883 1202 1135 1236 abdominalia
1162 1203 1305 1248 glabra,
1346 1205 1499 1248 punctis
1526 1204 1648 1249 parvis
1676 1203 1880 1248 impressis

649 1269 758 1300 Color
784 1270 964 1312 thoracis,
1010 1270 1217 1313 elytrorum
1249 1270 1537 1315 abdominisque
1573 1271 1706 1304 satiate
1741 1278 2016 1310 atro-aeneus,
2056 1272 2097 1304 in

547 1335 742 1367 nonnullis
784 1335 1056 1379 speciminibus
1101 1347 1189 1369 cum
1228 1337 1393 1370 violaceo
1433 1338 1587 1370 mixtus.
1671 1337 1785 1370 Pedes
1828 1346 1865 1370 et
1910 1345 2096 1370 antennae

548 1401 684 1445 nigrae.
764 1402 905 1434 Totum
933 1414 1065 1447 corpus
1093 1403 1182 1448 pilis
1215 1404 1452 1439 tenuissimis
1480 1404 1625 1438 flavidis
1652 1404 1830 1437 obsitum.

987 1600 1236 1640 Elater
1295 1601 1654 1654 planatus.

550 1710 604 1742 El.
634 1718 724 1751 ater,
768 1710 1173 1755 griseo-tomentosus,
1215 1710 1366 1743 thorace
1390 1711 1585 1754 quadrato,
1620 1711 1751 1754 plano,
1793 1709 1922 1753 elytris
1946 1709 2095 1741 striatis,

549 1792 698 1825 Habitat
728 1793 767 1825 in
798 1794 989 1827 montibus
1018 1794 1226 1838 Pyrenaeis.

649 1877 775 1909 Unum
812 1878 1075 1910 tantummodo
1118 1877 1288 1922 possideo
1329 1878 1538 1921 specimen,
1593 1876 1693 1920 quod
1727 1876 1894 1909 foemina
1931 1886 2009 1908 esse
2048 1874 2098 1905 vi-

550 1943 667 1975 detur.

651 2012 776 2043 Elater
803 2020 857 2044 est
886 2011 1047 2057 insignis
1076 2011 1119 2043 ob
1148 2010 1310 2044 thoracis
1338 2011 1498 2043 sormam
1527 2010 1586 2042 his
1620 2008 1840 2052 coleopteris
1873 2008 2098 2051 plerumque

551 2088 627 2110 non
660 2078 811 2110 solitam
847 2087 881 2111 et
923 2079 966 2111 ob
1002 2078 1325 2124 magnitudinem,
1378 2078 1519 2119 majora
1555 2076 1763 2121 specimina
1799 2073 1957 2107 Elateris
1993 2073 2099 2105 aenei

550 2153 782 2188 aequantem.

651 2211 793 2256 Capitis
822 2213 973 2257 clypeus
998 2213 1218 2256 quadratus,
1257 2220 1470 2255 excavatus,
1512 2210 1663 2256 punctis
1693 2207 1878 2253 profunde
1906 2206 2096 2250 impressis

551 2287 587 2311 et
618 2279 706 2322 pilis
742 2278 1048 2326 flavido-griseis
1083 2280 1250 2313 vinosus.
1330 2279 1440 2312 Oculi
1475 2278 1593 2324 nigri,
1640 2275 1874 2322 glaberrimi,
1921 2273 2095 2306 antennis

555 2345 803 2379 mediocribus
830 2347 936 2391 atris,
985 2347 1178 2392 utrimque
1205 2347 1407 2379 serrulatis.

654 2412 801 2445 Thorax
821 2415 1012 2458 planatus,
1049 2414 1172 2448 antice
1192 2414 1411 2459 paullulum
1434 2423 1635 2454 convexus,
1675 2410 1803 2455 paullo
1819 2408 1968 2454 longior
1986 2418 2096 2450 quam

554 2477 678 2517 latior,
722 2480 896 2512 lateribus
924 2482 1122 2515 subrectis:
1162 2481 1332 2528 margine
1362 2480 1485 2513 antico
1507 2479 1633 2524 paullo
1658 2477 1916 2522 prominente,
1953 2474 2097 2518 postico
