2310 3292
1683 354 1754 387 231

212 456 349 488 Lemae
376 458 676 496 atropunctatae,
723 462 753 484 e.
780 461 814 496 g·
853 453 919 486 12-
946 459 983 484 et
1020 452 1272 496 14punetata,
1320 450 1466 484 variant
1491 462 1569 484 uno
1597 452 1758 485 alterove

211 528 354 566 puncto
387 519 602 562 deficiente,
649 526 687 552 et
719 518 874 551 fortasse
907 519 975 552 ille
1006 518 1172 552 defectus
1201 517 1456 552 differentiam
1482 518 1674 552 sexualem
1701 519 1761 551 de-

210 595 328 622 notat.

312 669 419 716 Quod
446 669 491 703 ad
516 668 677 703 Fabricii
703 668 861 701 Lernam
887 678 1007 712 parac.
1034 667 1187 711 attinet,
1236 679 1324 700 eum
1350 668 1455 702 aliud
1481 669 1636 703 fortasse
1664 670 1760 702 inse-

211 746 317 772 ctum
344 745 431 770 ante
457 738 583 770 oculos
611 734 787 769 habuisse
813 741 923 779 puto:
963 733 1136 778 alioquin
1162 733 1205 766 in
1230 734 1317 767 Ent.
1343 735 1439 778 Syst.
1466 736 1573 769 Tom.
1593 737 1620 769 Ι.
1653 738 1759 770 Parte

210 806 257 839 II.
293 816 376 851 pag.
395 806 453 839 68.
487 814 566 836 non
600 802 770 836 dixisset:
810 801 945 845 ”pedes
980 800 1099 833 antici
1134 800 1333 846 elongati'⁷5
1374 802 1468 834 tales
1495 803 1612 836 Lema
1637 815 1758 848 parac.

209 874 322 917 plane
349 881 427 903 non
453 870 582 903 habet:
620 870 740 916 igitur
766 868 956 901 insectum
982 866 1246 901 Fabricianum
1272 879 1399 901 veram
1426 869 1552 913 potius
1577 880 1654 902 esse
1679 872 1760 913 Cly-

210 947 307 973 tram
334 937 479 983 opinor.

310 1021 453 1054 Habitu
479 1020 571 1053 haec
597 1020 715 1053 Lema
743 1029 832 1052 cum
855 1018 898 1051 L.
925 1017 1280 1063 quinquepunctata
1311 1030 1538 1065 magnopere
1571 1020 1759 1058 convenit,

212 1089 275 1123 sed
301 1089 413 1123 tertia
438 1095 544 1134 parte
569 1086 697 1121 minor
723 1093 789 1120 est.

652 1332 912 1375 Cassida
975 1331 1317 1385 exsculpta.

212 1448 252 1480 C.
280 1453 402 1488 ovata,
439 1455 618 1488 convexa,
658 1443 811 1487 flav-iia,
853 1443 1060 1487 elytrorum
1087 1441 1259 1487 margine
1287 1442 1648 1487 :iugulato-reflexo,
1689 1446 1762 1488 ely-

262 1513 330 1547 tris
359 1511 544 1557 profunde
571 1518 608 1544 et
635 1510 804 1544 seriatim
829 1510 1040 1554 punctatis5
1081 1510 1211 1543 subtus
1239 1509 1366 1555 nigra,
1405 1510 1615 1544 abdominis
1644 1511 1760 1544 limbo

262 1581 365 1613 flavo.

211 1663 367 1697 Habitat
392 1662 489 1695 circa
515 1661 806 1695 WVratislaviam.

311 1746 454 1780 Habitu
494 1745 749 1790 maximopere
783 1755 871 1776 cum
905 1745 1002 1778 Cass.
1035 1743 1230 1788 pulchella
1262 1742 1421 1775 Panzeri
1465 1744 1600 1785 (Faun-
1638 1745 1761 1779 Germ.

209 1816 297 1849 fasc.
324 1813 492 1847 XXXIX.
526 1814 599 1846 tab.
629 1811 702 1856 15.,
743 1823 838 1856 quae
871 1811 933 1844 vix
961 1812 1057 1845 Cass.
1092 1811 1231 1843 nobilis
1267 1811 1429 1843 aliorum
1457 1811 1535 1851 est)
1576 1814 1761 1849 convenit7

212 1882 243 1915 si
270 1893 348 1915 non
376 1880 505 1914 eadem
533 1887 598 1913 est.

311 1963 524 2010 Diagnosin
553 1971 590 1997 et
617 1961 910 2007 descriptionem
937 1961 983 1994 ad
1010 1961 1218 2006 specimina
1244 1969 1393 1994 mortua
1421 1961 1588 1994 exhibui.

312 2048 380 2080 Est
412 2047 513 2080 inter
548 2057 818 2091 europaearum
850 2046 1033 2089 minores,
1079 2053 1201 2090 ovata,
1252 2047 1484 2091 suboblonga
1519 2054 1556 2078 et
1583 2047 1765 2081 nonnihil

213 2126 384 2148 convexa.
465 2116 606 2160 Corpus
634 2114 808 2160 nigrum,
851 2114 1041 2160 glabrum,
1083 2113 1269 2147 nitidum:
1305 2121 1418 2157 caput
1444 2114 1601 2157 flavum,
1644 2114 1763 2147 oculis

212 2182 348 2228 nigris:
393 2188 524 2214 venter
550 2181 668 2215 limbo
695 2182 790 2226 lato,
836 2181 947 2215 flavo:
994 2181 1107 2226 pedes
1133 2181 1236 2215 flavi:
1279 2188 1466 2215 antennae
1492 2181 1570 2214 basi
1597 2181 1763 2223 flavidae,

212 2248 316 2293 apice
342 2248 479 2281 fuscae.

312 2331 461 2364 Thorax
515 2331 747 2365 subrotundo
768 2351 782 2357 -
805 2339 1054 2375 transversus,
1123 2331 1295 2378 margine
1348 2330 1493 2376 postico
1547 2331 1765 2374 paullulum

211 2397 420 2431 bisinuat0:
474 2404 617 2442 puncto
651 2408 790 2443 magno
825 2400 883 2432 vel
916 2399 1061 2433 foveola
1101 2398 1283 2444 impressa
1323 2397 1368 2430 ad
1400 2398 1623 2441 scutellum,
1678 2398 1765 2432 duo-

210 2465 279 2498 bus
310 2463 464 2510 punctis
500 2464 693 2509 impressis
733 2464 778 2498 ad
811 2466 941 2499 latera:
995 2465 1170 2499 omnibus
1204 2464 1399 2498 interdum
1432 2464 1617 2498 obsoletis.
1698 2464 1765 2498 Di-

213 2543 294 2565 scus
341 2531 506 2565 thoracis
552 2532 743 2577 globosus,
802 2544 958 2578 opacus:
1018 2543 1147 2580 margo
1189 2531 1336 2566 anticus
1377 2530 1573 2576 dilatatus,
1625 2531 1762 2578 glaber,
