2325 3286
494 348 567 381 208

916 439 1073 475 Onitis
1107 438 1357 484 fumifera,
1396 438 1613 473 foemina:

643 543 740 570 nossi.
770 541 804 569 F.
830 541 896 568 Etr.
921 541 945 569 Ι.
976 549 1046 579 pag.
1070 542 1100 571 7.
1146 538 1336 568 Scarabaeus
1358 539 1519 567 irroratus.

642 598 749 634 Ejusd.
782 598 884 626 Mam.
909 597 934 626 I.
964 607 1033 636 pag.
1055 599 1086 628 7.
1131 596 1179 625 Se.
1203 597 1294 625 irror.

641 655 748 692 Ejusd.
779 655 880 684 Mam.
905 655 946 684 II.
980 656 1064 694 App.
1093 663 1124 692 p.
1150 656 1221 686 127.
1255 653 1313 682 ubi
1336 652 1376 681 de
1399 654 1548 682 varietate
1569 653 1665 682 maris
1687 651 1841 691 loquitur.

643 714 754 742 Germ.
785 714 860 743 Iter.
891 723 961 753 pag.
988 715 1058 745 178.
1104 712 1208 740 Onitis
1230 712 1370 741 irrorata.

596 807 635 840 Si
670 809 812 853 legem,
865 818 937 851 qua
978 806 1134 840 nomina
1175 813 1265 839 sunt
1297 803 1546 849 imponenda,
1599 803 1804 850 diligenter
1837 803 2044 848 sequimur,

494 874 645 907 nomini
684 874 875 907 '’Onitidis
902 873 1123 906 furciferae’'
1174 874 1336 906 alterum
1378 870 1505 904 ’'Onit.
1534 870 1710 904 irrorata⁷’
1756 871 2045 915 praeferendum

496 949 569 985 est5
611 949 761 974 maneat
788 952 870 973 vero
898 939 1014 983 illud,
1055 950 1143 972 cum
1171 951 1190 971 a
1217 945 1405 972 structura
1439 936 1553 970 maris
1587 945 1666 970 tam
1697 937 1885 983 singulari
1911 938 2045 983 repeti-

497 1015 577 1039 tum
607 1016 642 1040 et
671 1008 782 1052 vulgo
810 1008 885 1049 jam
912 1012 1108 1049 receptum
1134 1004 1196 1036 sit.

920 1251 1253 1292 scarabaeus
1299 1263 1616 1304 pyrenaeus.

500 1379 553 1409 Sc.
583 1377 995 1422 snbhemisphaericus,
1036 1376 1167 1420 clypeo
1195 1374 1415 1421 oblongulo,
1458 1375 1610 1408 thorace
1637 1374 1879 1420 glaberrimo,
1917 1378 2045 1422 elytris

550 1444 779 1488 substriatis,
827 1444 929 1477 striis
957 1442 1186 1489 subrugosis.

501 1527 651 1559 Habitat
681 1527 721 1559 in
750 1527 941 1560 montibus
974 1526 1183 1570 Pyrenaeis.

600 1611 740 1655 RIagna
768 1611 847 1651 ejus
876 1618 931 1642 est
958 1609 1124 1642 affinitas
1152 1619 1241 1640 cum
1269 1608 1324 1641 Sc.
1351 1607 1541 1651 sylvatiCO.
1620 1607 1759 1641 Differt
1787 1609 1830 1641 ab
1859 1621 1918 1642 eo:
1966 1611 2049 1643 tho-

502 1688 581 1709 race
610 1676 728 1721 magis
756 1677 925 1722 globoso,
968 1675 1121 1720 punctis
1150 1674 1341 1719 impressis
1369 1681 1518 1707 carente
1555 1676 1724 1718 (praeter
1750 1676 1977 1718 paucissima
2005 1679 2049 1710 ad

501 1743 710 1789 marginem
738 1744 972 1785 lateralem)3
1011 1743 1141 1786 clypeo
1169 1742 1293 1774 antice
1319 1742 1442 1773 multo
1465 1741 1720 1785 productiore,
1756 1741 1838 1774 ideo
1867 1745 2048 1777 acutiore:

502 1818 753 1842 antennarum
788 1809 953 1853 capitulo
986 1808 1212 1855 nigerrimO,
1259 1807 1358 1852 quod
1391 1807 1432 1840 in
1466 1807 1522 1840 Sc.
1547 1807 1727 1850 sylvatico
1763 1820 1910 1853 semper
1935 1810 2051 1843 ferru-

502 1877 657 1922 gineum
684 1877 742 1908 vel
768 1876 919 1908 fuscum
947 1883 1020 1919 est3
1059 1875 1188 1919 elytris
1216 1875 1339 1907 multo
1373 1873 1632 1920 glabrioribus.
1710 1875 1912 1920 Sculptura
1947 1877 2051 1910 enim

505 1955 633 1975 eorum
662 1942 860 1975 conficitur
892 1942 1005 1975 lineis
1039 1941 1238 1974 nonnullis
1271 1941 1616 1986 longitudinalibus
1650 1952 1670 1973 e
1696 1942 1850 1985 punctis
1879 1944 2051 1977 minimis

507 2009 713 2053 i1npressiS‚
763 2009 803 2041 in
838 2009 949 2042 series
982 2009 1089 2042 binas
1126 2006 1328 2052 dispositis.
1408 2007 1535 2052 Spatia
1563 2007 1663 2041 inter
1690 2008 1756 2041 has
1783 2009 1903 2042 lineas
1936 2011 2053 2055 gemi-

508 2087 569 2107 nas
597 2075 788 2119 paulisper
814 2086 946 2121 rugosa
974 2083 1080 2119 sunt,
1119 2075 1181 2107 sed
1209 2074 1330 2106 multo
1358 2074 1487 2107 minus
1515 2087 1629 2119 quam
1660 2075 1702 2108 in
1730 2075 1785 2108 Sc.
1811 2077 2001 2120 sylvatico.

608 2142 756 2174 Thorax
785 2150 839 2174 est
866 2141 1081 2185 aterrimus,
1123 2143 1241 2186 elytra
1267 2148 1363 2184 atra,
1410 2141 1534 2174 nitore
1561 2142 1723 2186 quodam
1751 2154 1880 2176 aeneo:
1925 2156 2052 2191 margo

507 2210 712 2251 elytrorum
746 2207 984 2252 thoracisque
1017 2208 1314 2241 viridi-nitens·
1394 2208 1514 2252 Caput
1552 2220 1639 2242 cum
1675 2210 1850 2242 antennis
1887 2211 2051 2257 nigrum.

509 2275 645 2307 Subtus
675 2274 894 2307 Scarabaeus
922 2282 1022 2308 totus
1051 2283 1106 2308 est
1133 2274 1326 2307 violaceus.
