2325 3286
523 315 596 347 200

627 414 710 446 Non
750 414 873 446 solum
912 409 1155 456 longitudine
1194 408 1258 442 sed
1290 408 1490 454 praecipue
1527 409 1731 444 latitudine
1764 423 1783 445 a
1815 413 1918 446 Tillo
1951 413 2074 446 unifa-

524 481 638 513 sciato
666 481 761 513 bene
788 487 843 512 est
871 478 1091 520 distinctus,
1134 488 1203 510 nee
1231 487 1309 509 non
1337 475 1531 521 sculptura
1563 477 1791 521 elytrorum,
1833 491 1928 523 quae
1962 480 2004 513 in
2032 481 2074 514 T.

524 547 617 579 unis.
662 547 704 578 in
749 545 912 578 seriebus
957 552 1189 588 punctorum
1241 555 1485 590 magnorum,
1546 543 1772 590 regulariter
1817 555 2075 581 excavatoruni

523 612 706 645 consistit.

624 679 749 711 Fascia
777 668 858 712 alba
887 679 926 711 in
957 679 1010 712 Cl.
1037 679 1276 712 transversali
1305 685 1361 711 est
1387 686 1503 723 recta,
1554 678 1596 711 in
1624 679 1667 711 T.
1694 678 1919 712 unifasciato
1946 688 2077 714 retror-

524 756 608 777 sum
639 752 798 779 curvata.

627 811 842 856 Specirnina
872 824 916 846 ex
944 813 1113 846 America
1139 812 1295 845 australi
1323 812 1434 846 allata
1461 824 1481 845 a
1508 812 1702 847 Lusitanis
1731 824 1808 846 non
1837 813 2028 847 differunt.

954 1009 1176 1049 Clerus
1242 1009 1652 1050 univittatus.

1145 1099 1223 1127 Tab.
1256 1099 1312 1127 vi.
1348 1099 1400 1138 fig.
1428 1103 1455 1131 1.

530 1176 582 1207 el.
612 1175 734 1221 niger,
777 1175 905 1219 elytris
933 1176 1120 1220 profunde
1146 1175 1358 1220 punctaiis,
1401 1175 1516 1209 fascia
1542 1176 1685 1220 postica
1713 1177 1803 1209 alba.

674 1240 773 1268 Rossi.
805 1240 905 1269 Mant.
932 1241 955 1269 Ι.
986 1250 1056 1279 pag.
1081 1241 1132 1272 44,
1169 1241 1273 1279 (Illig.
1299 1241 1394 1278 383.)

676 1298 837 1326 Schoenh.
869 1298 962 1326 Tom.
989 1299 1028 1326 Π.
1060 1308 1130 1337 pag.
1155 1297 1205 1328 45.

672 1355 744 1390 Dei.
776 1356 842 1384 Cat.
879 1365 948 1394 pag.
975 1356 1025 1388 42.
1072 1356 1220 1383 Notoxus
1245 1356 1440 1383 univittatus.
1466 1372 1509 1377 —
1529 1355 1605 1384 Not.
1631 1356 1787 1385 fasciatus.
1834 1358 1972 1387 Olivieri.

528 1412 680 1446 Habitat
709 1414 806 1447 circa
833 1415 949 1458 Pisas,
995 1422 1031 1447 et
1057 1416 1253 1448 Veronam.

633 1495 805 1540 [Statura
834 1499 933 1531 Cleri
961 1497 1196 1542 unifasciati,
1242 1497 1305 1530 sed
1337 1498 1466 1542 paullo
1494 1498 1629 1531 minor.
1710 1500 1908 1532 Antennae
1941 1501 2081 1547 nigrae,

529 1561 605 1594 basi
632 1564 877 1609 ferrugineae.
955 1567 1076 1609 Caput
1100 1573 1137 1598 et
1164 1565 1296 1597 thorax
1324 1564 1449 1610 nigra,
1488 1564 1625 1609 pilosa⁷
1666 1565 1795 1598 minus
1817 1573 1945 1599 tamen
1966 1579 2079 1611 quam

528 1628 569 1660 in
609 1629 662 1661 Cl.
702 1631 937 1663 unifasciato.
1014 1632 1143 1675 Elytra
1182 1631 1309 1677 nigra,
1363 1630 1504 1673 nitida,
1554 1632 1684 1664 striato
1717 1639 1914 1676 punctam,
1969 1633 2080 1666 fascia

530 1695 653 1727 inedia
680 1704 779 1730 recia
806 1698 919 1730 unica
946 1699 1038 1731 alba.
1101 1698 1295 1731 Abdomen
1323 1698 1488 1743 nigrum.
1560 1698 1673 1731 Pedes
1700 1698 1926 1744 ferruginei,
1966 1702 2081 1733 fenio-

527 1761 628 1795 ribus
657 1763 787 1808 nigris.
864 1765 953 1797 Alae
979 1766 1242 1798 suscescenres.
1269 1785 1320 1789 —
1347 1763 1489 1809 Rossi.]

628 1830 842 1874 Descriptio
876 1832 943 1864 cel.
976 1832 1085 1865 Rossi
1118 1832 1313 1865 sufficiens
1348 1839 1413 1865 est.
1492 1832 1637 1864 Puncta
1665 1833 1872 1876 elytroruni
1899 1834 2080 1878 impressa

528 1898 666 1938 majora
693 1908 807 1941 quain
830 1897 873 1930 in
900 1899 1122 1943 eoleopteris
1151 1898 1362 1931 confinibus
1392 1907 1429 1931 et
1456 1899 1498 1931 in
1519 1898 1682 1932 seriebus
1704 1899 1814 1933 rectis
1836 1900 1957 1944 posita
1981 1910 2079 1934 sunt.

530 1963 654 1996 Fascia
682 1964 888 2007 eij-trorum
916 1966 996 1998 alba
1024 1977 1102 1998 non
1130 1965 1171 1998 in
1198 1965 1340 2007 medio,
1387 1966 1450 1998 sed
1474 1967 1603 2010 paullo
1631 1966 1731 2010 apici
1760 1967 1912 2010 propior
1939 1975 2003 2000 est.

956 2170 1341 2224 Necrophorus
1394 2171 1651 2224 sepultor.

530 2277 572 2309 N.
608 2277 732 2324 niger,
783 2286 1035 2312 antennarum
1062 2281 1164 2313 clava
1190 2279 1390 2324 fasciisque
1418 2281 1623 2324 elytrorum
1653 2279 1794 2312 duabus
1821 2279 1953 2312 fulvis:
1997 2292 2080 2313 con-

585 2343 758 2387 dylorum
790 2345 1023 2389 posticorum
1053 2346 1166 2379 dente
1200 2353 1354 2379 externo
1387 2347 1428 2379 in
1464 2358 1607 2380 uncum
1643 2346 1810 2379 validum
1844 2354 2079 2390 excurrente:

583 2409 686 2442 tibiis
712 2410 867 2454 posticis
893 2412 1021 2456 rectis,
1070 2413 1176 2446 valde
1209 2413 1380 2446 dentatis.

531 2475 685 2509 Habitat
712 2476 753 2508 in
781 2477 991 2511 Germania.
