2325 3286
514 345 589 379 230

511 444 602 477 risse
628 443 817 477 testificor.
895 441 976 473 Mas
1010 442 1052 474 L.
1082 440 1297 475 bifasciatae
1324 453 1402 475 non
1429 443 1554 476 solum
1583 447 1788 491 segmentis
1817 447 2062 482 abdominali-

510 512 577 544 bus
612 510 699 543 rufis
735 521 755 541 a
788 518 889 540 mare
922 507 964 538 L·
1001 508 1218 541 melanurae
1252 509 1395 554 dis-fert,
1446 509 1510 542 sed
1543 511 1659 544 etiam
1694 513 1901 556 elytrorum
1936 517 2060 549 colore

507 577 629 610 multo
655 575 776 621 magis
803 585 891 607 cum
917 574 1001 606 rufo
1028 575 1164 619 mixto,
1204 587 1291 623 ergo
1318 577 1446 610 minus
1475 577 1611 622 livido,
1661 579 1721 611 vel
1755 580 2061 616 obscure-testa-

509 654 583 676 ceo.
654 642 776 674 Habet
802 641 867 675 illa
894 642 1086 675 thoracem
1112 644 1266 687 punctis
1294 645 1504 678 minoribus
1532 646 1779 691 impressum,
1825 659 1919 691 quae
1946 649 1988 682 in
2015 651 2059 683 L.

507 710 702 742 melanura
735 711 858 743 multo
889 711 1030 752 majora
1065 718 1164 744 sunt.
1243 713 1296 746 Ea
1329 713 1373 746 de
1409 724 1518 746 causa
1553 713 1598 747 de
1632 714 1832 748 identitate
1860 715 2059 760 utriusque

509 775 580 810 ciei
607 776 778 811 nondum
806 777 904 810 mihi
930 789 1150 822 persuasum
1183 786 1247 812 est.

911 1009 1087 1049 Lema
1147 1009 1653 1051 Paracenthesis.

656 1098 731 1127 Tib.
759 1098 830 1128 VII.
855 1098 907 1138 sig.
927 1103 973 1132 23
1008 1099 1060 1140 fig.
1089 1104 1116 1131 1.
1143 1100 1287 1136 ejusdem
1309 1103 1450 1131 varietas.
1488 1101 1609 1140 (Lema
1632 1101 1781 1130 suturahs
1805 1101 1912 1140 mig.)

505 1192 546 1225 L.
580 1192 707 1239 nigra,
753 1193 904 1226 thorace
937 1194 1037 1239 rufo,
1087 1194 1240 1227 lineolis
1276 1195 1417 1228 duabus
1457 1197 1564 1241 atris,
1617 1195 1744 1241 elytris
1784 1193 1956 1229 testaceis
1994 1194 2059 1236 (iu

558 1260 757 1301 mortuis):
819 1261 920 1294 linea
960 1269 1055 1305 atra,
1114 1262 1290 1296 suturali:
1344 1264 1574 1309 punctisque
1613 1263 1874 1298 humeralibus
1915 1261 2057 1297 duobus

556 1326 730 1360 tribusve.

650 1408 744 1436 Linn.
771 1408 800 1437 S.
826 1408 864 1437 N.
900 1418 969 1449 pag.
997 1412 1087 1441 1066.
1134 1409 1345 1450 Chrysomela
1367 1411 1613 1450 paracenthesis.

653 1468 668 1495 '2
692 1466 784 1494 Fabr.
810 1466 859 1495 El.
890 1467 963 1495 Pars
987 1468 1029 1496 Π.
1064 1477 1133 1508 pag.
1158 1471 1208 1500 39.
1254 1470 1363 1509 Clytia
1385 1471 1570 1509 paracenth.

649 1525 729 1552 Oliv.
762 1525 843 1553 Gen.
868 1525 918 1555 94.
958 1525 1036 1554 Tab.
1062 1527 1103 1555 ΙΙ.
1139 1526 1191 1566 fig.
1216 1530 1266 1559 33.
1315 1529 1468 1557 Crioceris
1491 1527 1742 1568 pai⁴acentliesi83
1787 1527 1839 1566 fig.
1865 1530 1916 1560 32.
1952 1526 2073 1556 Criocs

756 1583 913 1611 suun-alis.
961 1584 1089 1621 [leones
1113 1586 1245 1623 malae]

654 1639 815 1668 Schoenh.
847 1640 940 1669 Tom.
965 1642 1005 1670 II.
1036 1653 1105 1682 pag.
1130 1646 1202 1676 252.

651 1698 665 1726 ’ἓ
687 1697 771 1726 Latr.
796 1698 877 1727 Hist.
909 1699 1001 1729 Tom.
1026 1701 1081 1730 XI.
1118 1712 1186 1742 pag.
1211 1705 1284 1734 361.
1330 1701 1437 1741 Clytm
1459 1701 1642 1741 paracenth.

651 1755 734 1795 Illig.
760 1757 844 1795 Mag.
879 1756 972 1786 Toni.
997 1759 1054 1788 III.
1086 1769 1156 1799 pag.
1185 1764 1253 1793 166.

506 1833 657 1868 Habitat
683 1835 725 1868 in
752 1835 949 1869 Lusitania
977 1845 1013 1870 et
1039 1837 1212 1882 pluribus
1239 1838 1411 1882 Europae
1437 1836 1654 1883 regionibus
1682 1834 2005 1869 meridionalibus.

607 1919 749 1952 Notum
777 1928 849 1965 est,
891 1921 1118 1966 coleoptera,
1160 1933 1254 1966 quae
1281 1921 1472 1955 Fabricius
1501 1920 1631 1966 generi
1659 1919 1811 1953 ’'Lenia’'
1847 1919 2057 1964 adscripsit,

506 1986 549 2018 in
576 1986 716 2019 Linnei
744 1988 837 2032 Syst.
864 1988 945 2021 Nat.
980 1989 1080 2022 inter
1112 1990 1372 2034 Chrysomelas
1406 1990 1534 2022 locum
1569 1988 1770 2033 accepisse:
1812 1986 1895 2021 ideo
1924 1986 1968 2019 de
1995 1996 2055 2032 ge-

506 2064 593 2087 nere
619 2055 734 2097 hujus
762 2055 866 2088 Lem.
893 2057 1107 2100 paracenth.
1134 2069 1213 2091 non
1243 2056 1510 2090 haesitandum
1536 2063 1601 2089 est.

607 2122 748 2155 Linnei
775 2123 976 2168 descriptio
1002 2124 1147 2157 insecto
1176 2131 1302 2157 nostro
1337 2124 1533 2157 Tab.-VII.
1568 2123 1630 2168 fig.
1658 2125 1693 2157 2.
1733 2113 1882 2166 depicto
1910 2121 2053 2166 optime

507 2189 701 2233 convenit,
742 2196 779 2222 et
806 2201 883 2222 non
909 2190 1101 2237 intelligo,
1149 2204 1222 2236 qua
1249 2191 1293 2224 de
1321 2202 1429 2224 causa
1454 2189 1630 2236 Illigerus
1658 2190 1683 2222 l.
1711 2200 1740 2222 c.
1768 2190 1866 2221 lianc
1894 2188 2055 2232 descrip-

504 2256 650 2290 tionem
671 2258 865 2290 obscuram
888 2268 965 2290 esse
984 2257 1129 2291 dixerit.
1190 2258 1382 2301 Concedit,
1422 2257 1567 2302 optime
1591 2268 1673 2290 eam
1699 2256 1900 2290 convenire
1916 2256 2053 2288 Lernae

507 2326 689 2366 speturali
717 2336 760 2357 ex
793 2325 991 2358 Lusitania
1022 2337 1043 2358 a
1070 2326 1233 2359 Comite·
1251 2326 1295 2359 de
1329 2322 1631 2372 Hoffmannsegg
1657 2325 1802 2357 allatae.
1880 2322 2054 2356 Possideo

507 2397 709 2435 utrumque
735 2392 925 2426 insectum
952 2392 994 2425 in
1019 2394 1193 2437 pluribus
1222 2392 1494 2438 speciminibus
1523 2399 1560 2425 et
1586 2399 1793 2437 utrumque
1826 2402 1943 2424 unam
1971 2401 2052 2423 ean-

510 2456 667 2501 demque
694 2459 856 2503 speciem
884 2472 962 2493 esse
990 2461 1114 2494 credo:
1155 2462 1196 2495 L.
1224 2461 1403 2495 suturalis
1427 2460 1691 2494 tantummodo
1714 2460 1862 2493 defectu
1883 2458 2053 2491 maculae

508 2524 640 2557 tertiae
665 2532 763 2558 atrae
790 2527 971 2560 rotundae
999 2529 1110 2572 elytri
1138 2541 1157 2562 a
1183 2529 1225 2562 L.
1251 2529 1512 2575 paracenthesi
1548 2528 1742 2572 discrepat.
1821 2526 1890 2558 Sed
1926 2526 2051 2569 plures
