2310 3292
1702 344 1776 377 229

331 444 398 476 Est
424 441 622 474 mediocris
651 439 946 487 magnitudiniS,
988 440 1194 484 Lepturam
1213 439 1376 472 cinctam
1398 450 1579 484 aequans,
1619 440 1682 474 sed
1703 442 1776 474 foe-

232 511 337 545 mina
364 509 492 554 paullo
520 509 649 550 major.

334 579 455 621 Caput
470 587 558 609 cum
573 576 724 608 thorace
741 581 965 619 pectoreque
987 573 1159 620 nigrum,
1193 571 1283 618 pilis
1303 573 1424 618 parvis
1446 573 1568 608 aureis
1590 584 1775 619 sparsum:

228 644 413 678 abdomen
445 643 555 676 modo
590 641 763 687 nigrum,
811 640 921 673 modo
954 642 1121 674 luteum:
1162 640 1206 673 in
1237 640 1404 674 foemina
1437 653 1582 686 semper
1612 648 1778 674 tantum-

229 712 341 745 modo
377 712 527 744 luteum
569 708 647 742 vidi
685 708 744 741 vel
784 707 1193 753 rufo-ferrugineum.
1272 708 1469 740 Antennae
1509 709 1621 741 maris
1662 708 1776 752 valde,

226 778 416 812 foeminae
444 775 572 809 minus
601 781 775 817 serratae,
823 773 991 806 articulis
1019 774 1076 806 vel
1104 772 1280 805 omnibus
1308 773 1445 818 nigris,
1495 776 1552 807 vel
1581 775 1698 821 nigris
1727 783 1778 808 te-

228 845 434 887 staceisque
469 841 762 883 alternantibus,
805 840 863 872 vel
898 839 1018 885 nigris
1053 839 1095 871 in
1128 839 1208 871 basi
1242 839 1432 873 testaceis:
1481 840 1629 873 ultimis
1657 842 1776 874 tribus

227 921 374 954 semper
402 908 520 954 nigris
553 907 656 940 totis.

328 976 478 1009 Thorax
511 975 706 1021 globosus,
753 972 879 1005 antice
922 979 1146 1015 coarctatus,
1197 971 1341 1017 postice
1377 971 1574 1016 dilatatus,
1619 973 1661 1006 in
1701 974 1777 1006 basi

227 1042 489 1086 subspinosus,
531 1040 684 1087 punctis
712 1039 860 1086 magnis
889 1046 1060 1072 excavato
1078 1059 1091 1064 -
1108 1038 1314 1083 impressis.
1395 1039 1605 1072 Scutellum
1633 1051 1778 1085 semper

227 1111 394 1157 nigrum.

330 1177 459 1220 Elytra
485 1175 637 1220 punctis
665 1172 896 1216 numerosis,
946 1171 1087 1216 parvis,
1136 1171 1422 1217 irregularibUS,
1471 1172 1683 1216 impressis,
1725 1175 1778 1206 lu-

227 1253 314 1279 teo·
333 1250 504 1277 testacea.
581 1241 682 1274 Pone
717 1240 923 1273 scutellum
956 1239 1104 1271 macula
1139 1249 1276 1284 magna
1311 1238 1419 1284 nigra
1449 1238 1691 1284 triangularis
1720 1240 1779 1273 ad-

227 1319 300 1355 est,
346 1317 384 1343 et
411 1310 526 1341 altera
553 1308 714 1354 oblonga
742 1307 787 1339 ad
814 1306 1026 1353 marginem
1054 1306 1276 1338 exteriorem
1304 1316 1392 1337 cum
1419 1306 1543 1350 priore
1570 1306 1615 1340 ad
1647 1307 1780 1341 hume-

226 1389 285 1412 ros
317 1387 445 1410 versus
478 1386 655 1408 connexa.
734 1373 844 1406 Haud
878 1384 959 1406 raro
992 1374 1062 1406 hae
1099 1374 1193 1406 duae
1227 1374 1396 1406 maculae
1429 1384 1541 1417 super
1574 1374 1777 1408 maximam

227 1445 338 1489 elytri
364 1450 510 1487 partem
536 1449 627 1474 sunt
655 1452 847 1485 expansae.

328 1510 441 1544 Pedes
470 1509 580 1542 modo
607 1507 727 1554 nigri,
775 1507 885 1539 modo
916 1506 1088 1540 testacei:
1138 1505 1251 1540 tibiae
1278 1518 1363 1540 vero
1396 1506 1620 1550 plerumque
1647 1505 1691 1539 ad
1720 1507 1778 1539 ba-

228 1578 289 1612 sin
320 1577 455 1609 fuscae.

653 1806 929 1860 Leptura
988 1803 1352 1845 bifasciata.

377 1920 530 1951 Schrank.
565 1919 684 1949 Enum.
715 1930 784 1959 pag.
811 1920 881 1952 159.

378 1979 485 2016 Ejusd.
511 1979 611 2008 Faun.
635 1978 721 2007 Boic.
751 1979 845 2007 Tom.
872 1979 896 2006 I.
930 1987 999 2016 pag.
1025 1979 1095 2009 693.

379 2038 540 2067 Schoenh.
571 2037 665 2066 Tom.
691 2038 751 2066 III.
784 2046 853 2076 pag.
878 2036 949 2068 475.

375 2096 461 2125 Latr.
486 2097 567 2125 Hist.
592 2096 687 2125 Tom.
712 2096 768 2124 XI.
799 2105 868 2135 pag.
894 2097 966 2127 313.
1012 2094 1104 2132 Lept.
1129 2094 1265 2121 cruciata
1298 2090 1497 2131 (secundum
1520 2090 1672 2128 Olivier.)

331 2183 496 2227 Leptura
530 2182 573 2214 ab
608 2180 824 2214 auctoribus
861 2192 972 2225 supra
1006 2179 1176 2226 allegatis
1210 2185 1247 2211 et
1278 2177 1450 2222 pluribus
1483 2176 1567 2209 aliis
1598 2175 1692 2208 bene
1720 2174 1777 2207 de-

231 2247 368 2292 scripta
393 2256 430 2282 et
457 2261 476 2282 a
503 2250 545 2282 L.
573 2250 768 2282 melanura
796 2248 975 2281 distincta
1002 2254 1067 2280 est.
1148 2245 1300 2279 Celeber
1326 2244 1481 2278 Germar
1510 2243 1552 2275 in
1588 2253 1697 2286 opere
1724 2253 1778 2274 re-

230 2315 413 2359 centiore,
459 2316 502 2349 in
534 2317 675 2350 Itinere
707 2317 926 2350 Dalmatino
962 2326 1046 2361 pag.
1074 2315 1175 2357 224„
1223 2324 1305 2345 eam
1333 2312 1455 2344 denuo
1483 2321 1570 2343 cum
1597 2309 1638 2341 L.
1665 2309 1777 2341 mela-

233 2393 327 2414 nura
359 2383 576 2427 conjunxit,
626 2396 663 2417 se
695 2385 737 2418 L.
769 2384 1005 2417 bifasciatam
1039 2394 1127 2416 cum
1154 2382 1263 2425 Lept.
1298 2379 1434 2412 melan.
1460 2376 1595 2421 copula
1622 2375 1777 2417 conjun-

231 2455 330 2481 ctam
356 2451 535 2495 reperisse
563 2451 768 2485 affirmans.
845 2452 910 2484 Me
941 2461 1089 2493 semper
1122 2447 1330 2493 specimina
1359 2445 1526 2488 ejusdem
1553 2442 1693 2488 speciei
1721 2453 1777 2476 co-

231 2516 376 2561 pulata,
419 2526 456 2551 et
483 2526 681 2563 utramque
708 2519 875 2563 speciem
902 2517 1121 2562 saepissime
1146 2528 1223 2548 una
1248 2516 1355 2548 flores
1378 2512 1656 2546 inhabitantem
1677 2521 1775 2555 repe-
