2325 3286
534 339 607 372 216

993 433 1174 473 Acis
1265 430 1616 487 elegans.

534 546 596 576 Ac.
614 552 707 585 atra,
742 540 902 573 thoracis
925 539 1158 585 marginibus
1187 539 1351 584 reflexis,
1386 539 1537 586 angulis
1562 539 1698 573 anticis
1721 541 1932 586 productis,
1968 543 2082 587 posti-

585 609 636 641 cis
670 607 808 648 acutis,
855 607 982 650 elytris
1011 607 1196 650 laevibus,
1242 607 1387 652 opacis,
1436 608 1563 640 carina
1593 607 1741 641 laterali
1775 608 2017 651 sesquialtera
2045 617 2081 643 et

582 674 683 706 linea
710 673 843 717 media,
872 674 1018 719 apicem
1045 685 1122 707 non
1150 673 1374 720 attingente,
1404 675 1780 708 crenulato-elevata.

680 756 751 792 Dej.
776 756 842 784 Cat.
877 765 946 794 pag.
973 756 1022 788 64.
1067 757 1121 784 Ac.
1153 756 1299 784 carinam.

533 830 685 864 Habitat
712 832 754 864 in
781 832 974 876 Hispania.

635 916 781 948 Nomen
808 915 933 949 Acidis
961 916 1147 949 carinatae
1181 916 1225 949 cl.
1261 916 1496 949 Schoenherr
1534 917 1663 957 (Tom.
1691 917 1717 950 Ι.
1748 927 1830 963 pag.
1862 918 1964 958 139.)
2008 917 2084 950 cui-

533 982 617 1014 dam
645 982 751 1016 Acidi
778 983 855 1025 jam
887 983 1133 1028 imposuerat:
1183 983 1354 1027 quamvis
1383 994 1467 1015 vero
1501 983 1593 1016 haec
1627 984 1689 1016 Ac.
1725 983 1890 1016 carinam
1923 984 2083 1024 Schpen-

531 1049 631 1081 hersi
659 1061 678 1082 e
706 1062 862 1083 numero
889 1051 1050 1084 Acidum
1077 1051 1190 1095 plane
1216 1049 1441 1083 removenda
1467 1049 1532 1093 sit,
1571 1056 1701 1082 tamen
1727 1050 1852 1095 legem
1880 1061 1898 1082 a
1927 1051 2083 1084 celeber-

531 1115 626 1149 rimo
654 1117 831 1151 Latreille
860 1118 975 1159 (Gen.
1003 1120 1077 1151 Ins.
1103 1118 1211 1151 Tom.
1235 1118 1282 1150 II.
1311 1127 1394 1162 pag.
1420 1118 1473 1158 9.)
1507 1116 1756 1161 propositam:
1799 1115 1957 1149 nomina
1985 1117 2083 1150 dere-

530 1183 620 1216 licta
654 1185 776 1218 denuo
808 1197 884 1218 non
918 1185 1129 1219 adhibenda
1163 1196 1257 1229 esse,
1306 1191 1473 1227 secutus,
1521 1183 1620 1216 hanc
1647 1191 1814 1216 nostram
1842 1183 1996 1217 Acidem
2025 1184 2082 1217 ad-

531 1251 630 1294 pello
661 1252 883 1298 elegantem.

634 1336 781 1368 Statura
818 1337 880 1368 Ac.
914 1334 1129 1369 acuminata
1163 1335 1292 1380 paullo
1327 1332 1471 1377 minor,
1512 1332 1712 1366 abdomine
1741 1333 1950 1380 angustiori
1979 1341 2013 1367 et
2043 1335 2083 1367 in

529 1401 611 1433 basi
638 1409 839 1445 coarctato,
885 1403 986 1435 unde
1013 1403 1189 1449 gracilior
1214 1402 1372 1435 videtur.
1451 1401 1573 1445 Caput
1606 1411 1693 1434 cum
1726 1401 1877 1433 thorace
1909 1401 2081 1445 pedibus-

530 1480 602 1512 que
629 1477 671 1502 ut
700 1469 740 1502 in
767 1471 829 1503 Ae.
855 1470 1071 1503 acuminata
1106 1477 1142 1503 et
1169 1469 1331 1515 spinosa.

630 1553 848 1597 Elytmrum
875 1552 1089 1598 superficies
1117 1552 1242 1597 laevis,
1278 1563 1403 1597 opaca,
1436 1552 1547 1596 plane
1571 1562 1649 1585 non
1672 1550 1811 1594 nitida3
1846 1551 1891 1584 ad
1913 1558 2084 1583 suturam

532 1619 590 1651 vix
617 1620 840 1655 subelevata.
916 1620 1035 1653 Linea
1062 1631 1129 1652 seu
1157 1619 1282 1653 carina
1309 1618 1474 1652 lateralis
1511 1621 1553 1661 (a
1579 1630 1652 1663 qua
1679 1629 1761 1663 pars
1792 1617 1903 1661 elytri
1930 1617 2081 1661 deflexa,

529 1686 737 1719 abdominis
765 1688 863 1720 latus
891 1687 1108 1731 includens,
1145 1686 1307 1731 incipit)
1335 1686 1728 1728 crenulato-elevata,
1770 1684 1916 1729 apicem
1945 1684 2005 1717 vix
2033 1693 2083 1718 at-

531 1754 659 1800 tingit.
737 1755 837 1787 Pone
865 1762 902 1788 et
928 1755 996 1787 sub
1024 1755 1123 1788 hanc
1151 1754 1311 1798 lineam,
1352 1753 1499 1787 modica
1530 1753 1573 1786 ab
1600 1752 1724 1785 axillis
1754 1751 1949 1795 distantia,
1992 1751 2084 1784 inci-

529 1821 585 1865 pit
618 1822 690 1854 alia
722 1822 823 1855 linea
857 1823 1017 1860 elevata,
1066 1823 1279 1866 crenulata,
1328 1832 1423 1865 quae
1456 1832 1581 1854 versus
1615 1820 1763 1865 apicem
1790 1820 1833 1852 ab
1861 1819 1929 1852 illa
1957 1819 2082 1852 carina

529 1889 645 1933 priori
679 1889 773 1933 abit,
823 1889 990 1934 spatium
1017 1890 1139 1923 latum
1167 1889 1267 1922 inter
1292 1896 1492 1933 utramque
1519 1888 1755 1933 relinquens,
1796 1886 1942 1932 apicem
1971 1886 2081 1931 elytri

530 1964 657 1989 autem
690 1968 767 1989 non
801 1956 969 2003 attingit.
1049 1957 1152 1989 Inter
1185 1964 1357 1989 suturam
1398 1964 1434 1989 et
1465 1955 1632 1989 carinam
1665 1956 1859 1990 lateralem
1892 1962 1946 1988 est
1981 1954 2082 1987 linea

531 2022 820 2068 longitudinalis
849 2025 1008 2067 elevata,
1049 2024 1258 2067 crenulata,
1297 2023 1370 2057 ista
1397 2022 1523 2057 carina
1551 2022 1704 2056 brevior.

632 2107 743 2139 Color
770 2114 870 2140 totus
897 2115 989 2151 ater,
1037 2115 1081 2141 ut
1108 2107 1150 2140 in
1178 2108 1460 2154 congeneribus.

632 2190 830 2222 Pimeliam
858 2191 1062 2224 carinatam
1090 2192 1190 2225 Fabr.
1221 2193 1306 2225 Eut.
1334 2193 1361 2224 Ι.
1389 2203 1473 2237 pag.
1500 2193 1581 2228 104.
1618 2192 1723 2232 (Acis
1752 2189 1865 2222 carin.
1894 2187 2079 2222 Schoenh.

531 2257 555 2288 l.
585 2258 637 2294 c.)
677 2257 720 2289 ad
756 2265 922 2291 nostram
957 2270 1033 2292 non
1068 2259 1271 2303 pertinere,
1321 2271 1364 2292 ex
1391 2259 1509 2292 verbis
1551 2260 1723 2292 ”thorace
1752 2255 1983 2289 orbiculato'⁷
2021 2266 2081 2299 pa-

530 2323 604 2355 lam
633 2331 697 2356 est.
