2325 3286
516 334 588 368 218

616 432 742 475 Elytra
770 435 946 469 connata,
988 424 1112 457 antice
1138 425 1290 457 thorace
1319 425 1379 457 vix
1406 425 1553 467 latiora,
1593 428 1735 469 postiee
1762 431 1981 474 paullulum
2009 433 2062 465 di-

514 500 644 532 latata:
686 496 901 533 rotundam,
950 492 1025 523 fere
1053 490 1182 523 ovalia.
1256 491 1393 523 Sutura
1420 491 1544 524 nulla:
1588 492 1670 524 loco
1705 495 1783 535 ejus
1812 504 1868 529 est
1895 499 2061 542 spatium

513 562 804 611 longitudinale,
841 558 973 592 leviter
1000 557 1238 601 impressum.
1320 558 1363 589 In
1393 558 1599 601 elytrorum
1628 560 1825 603 superficie
1853 573 2061 600 cernuntur

511 632 670 665 lineolae
695 628 911 671 impressae,
953 624 1274 669 subinterruptae,
1315 624 1625 670 longitudinaleS.

610 695 755 741 Exigua
774 692 982 727 abdominis
1004 703 1086 736 pars
1111 691 1152 724 in
1173 691 1351 724 lateribus
1377 692 1419 724 ab
1443 691 1572 735 elytris
1595 691 1742 726 inclusa
1761 700 1834 727 est:
1864 705 2058 741 segmenta

508 763 713 810 posteriora
739 760 952 806 marginem
979 759 1121 792 habent
1147 758 1188 791 in
1216 758 1340 791 medio
1367 759 1529 792 luteum.
1596 759 1710 793 Sexus
1740 760 1955 794 differentia
1981 773 2059 795 non

512 839 555 864 ut
583 831 624 863 in
652 830 706 863 131.
735 827 936 872 mortisaga
964 828 1072 859 oculo
1099 837 1137 858 se
1165 826 1292 869 offert5
1335 826 1428 859 alter
1455 837 1563 859 sexus
1590 827 1700 860 modo
1728 835 1981 862 antennarum
2009 841 2060 862 ar-

509 898 636 932 ticulis
666 895 814 929 ultimis
843 893 1081 927 crassioribus
1111 892 1373 939 distinguitur.

893 1120 1273 1175 O])atr11m
1346 1121 1664 1173 quctuin

1135 1210 1214 1239 Tau
1240 1211 1277 1238 V:
1313 1209 1367 1249 fig
1391 1212 1420 1242 a

654 1306 746 1336 Fabr.
771 1305 821 1333 El.
856 1314 925 1343 pag.
952 1307 1021 1335 117.

652 1365 733 1401 Illig.
759 1362 845 1401 Mag.
875 1362 959 1390 Tom
981 1360 1004 1388 I.
1036 1369 1106 1398 pag.
1132 1361 1204 1391 333.

651 1423 733 1451 Latr.
759 1421 839 1449 Hist.
871 1419 964 1447 Tom.
989 1418 1027 1446 X.
1058 1427 1127 1457 pag.
1152 1421 1223 1450 237.

649 1478 809 1509 Schoenh.
846 1477 938 1506 Tom.
964 1477 988 1505 Ι.
1024 1485 1094 1515 pag.
1120 1478 1189 1508 123.

650 1538 721 1573 Dej.
746 1537 813 1566 Cat.
843 1545 912 1574 pag.
938 1538 988 1566 66.

503 1614 656 1648 Habitat
688 1614 729 1646 in
756 1611 965 1658 Hungaria,
1007 1610 1214 1643 Lusitania.

603 1699 703 1731 Haec
737 1697 866 1741 Opatri
898 1695 1040 1741 species
1072 1705 1152 1727 non
1180 1695 1303 1727 solum
1331 1691 1517 1739 singulari
1546 1693 1754 1736 elytrorum
1780 1694 1944 1740 pictura,
1989 1699 2052 1732 sed

504 1767 620 1800 etiam
650 1775 748 1798 unco
782 1775 848 1796 seu
882 1763 994 1796 dente
1028 1762 1151 1795 valido
1187 1769 1412 1803 transverso,
1462 1759 1507 1792 ad
1540 1761 1639 1793 latus
1675 1761 1835 1794 exterius
1870 1763 2050 1798 tibiarum

502 1832 731 1874 amicarum,
766 1842 786 1863 a
813 1830 1002 1874 plerisque
1030 1829 1114 1862 aliis
1138 1829 1284 1873 Opatris
1308 1826 1576 1872 distinguitur,
1612 1834 1649 1859 et
1674 1827 1746 1861 hoc
1767 1837 1939 1874 respectu
1962 1843 2049 1865 cum

503 1901 580 1933 solo
608 1901 674 1944 Op.
704 1897 829 1931 tibiali
856 1897 1043 1930 convenit.
1120 1897 1268 1928 Praeter
1294 1896 1408 1928 illum
1443 1894 1597 1927 dentem
1629 1894 1744 1927 tibiae
1778 1896 1926 1930 anticae
1958 1899 2049 1932 alios

503 1967 630 2000 dentes
662 1974 736 1999 tres
769 1964 933 1997 minores
967 1963 1124 2006 habent,
1165 1963 1223 1995 uti
1257 1964 1377 2008 figura
1411 1961 1587 1994 ostendit.
1666 1962 1731 2006 Op.
1766 1961 1897 1996 tibiale
1931 1971 1968 1996 et
1996 1965 2050 2009 pi-

504 2040 609 2067 ctum
634 2032 753 2078 igitur
779 2031 821 2064 in
855 2030 1039 2075 peculiari
1075 2031 1210 2063 saltem
1237 2031 1463 2074 Opatrorum
1497 2027 1751 2061 subdivisione
1785 2031 2048 2077 conjungenda

502 2107 612 2144 sunt,
651 2098 727 2132 nisi
753 2098 949 2143 proprium
977 2109 1020 2131 ex
1049 2097 1094 2131 iis
1123 2096 1435 2130 constituendum
1463 2103 1519 2129 est
1546 2107 1676 2142 genus.

953 2325 1267 2365 Tenebrio
1325 2323 1587 2364 maden&

502 2438 544 2470 T.
571 2436 771 2481 oblongus,
807 2435 1016 2480 depressus,
1052 2433 1181 2478 elytris
1209 2433 1655 2477 crenulato-substriatis,
1689 2432 1820 2478 piceis.-
1859 2433 2046 2477 antennis,

552 2503 706 2549 pedibus
733 2502 1004 2547 abdomineque
1031 2502 1132 2535 rufis.
