<?xml version="1.0" encoding="UTF-8"?>
<!DOCTYPE html PUBLIC "-//W3C//DTD XHTML 1.0 Transitional//EN"
    "http://www.w3.org/TR/xhtml1/DTD/xhtml1-transitional.dtd">
<html xmlns="http://www.w3.org/1999/xhtml" xml:lang="en" lang="en">
 <head>
  <title>
</title>
<meta http-equiv="Content-Type" content="text/html;charset=utf-8" />
  <meta name='ocr-system' content='tesseract 3.04.00' />
  <meta name='ocr-capabilities' content='ocr_page ocr_carea ocr_par ocr_line ocrx_word'/>
</head>
<body>
  <div class='ocr_page' id='page_1' title='image "./horaeentomologic00char/horaeentomologic00char_0055.png"; bbox 0 0 2310 3292; ppageno 0'>
   <div class='ocr_carea' id='block_1_1' title="bbox 1699 343 1771 376">
    <p class='ocr_par' dir='ltr' id='par_1_1' title="bbox 1699 343 1771 376">
     <span class='ocr_line' id='line_1_1' title="bbox 1699 343 1771 376; baseline 0 0"><span class='ocrx_word' id='word_1_1' title='bbox 1699 343 1771 376; x_wconf 73' lang='lat'>213</span> 
     </span>
    </p>
   </div>
   <div class='ocr_carea' id='block_1_2' title="bbox 703 437 1289 482">
    <p class='ocr_par' dir='ltr' id='par_1_2' title="bbox 703 437 1289 482">
     <span class='ocr_line' id='line_1_2' title="bbox 703 437 1289 482; baseline -0.007 -1"><span class='ocrx_word' id='word_1_2' title='bbox 703 440 969 482; x_wconf 85' lang='lat' dir='ltr'>Cetonia</span> <span class='ocrx_word' id='word_1_3' title='bbox 1030 437 1289 479; x_wconf 87' lang='lat' dir='ltr'>crinita.</span> 
     </span>
    </p>
   </div>
   <div class='ocr_carea' id='block_1_3' title="bbox 214 545 1772 2496">
    <p class='ocr_par' dir='ltr' id='par_1_3' title="bbox 217 545 1720 669">
     <span class='ocr_line' id='line_1_3' title="bbox 221 545 1720 600; baseline -0.006 -11"><span class='ocrx_word' id='word_1_4' title='bbox 221 558 298 590; x_wconf 84' lang='lat' dir='ltr'>Cet.</span> <span class='ocrx_word' id='word_1_5' title='bbox 326 552 451 600; x_wconf 83' lang='lat' dir='ltr'>nigra,</span> <span class='ocrx_word' id='word_1_6' title='bbox 494 549 794 591; x_wconf 81' lang='lat' dir='ltr'>luteo-villosa,</span> <span class='ocrx_word' id='word_1_7' title='bbox 841 548 970 594; x_wconf 88' lang='lat' dir='ltr'>elytris</span> <span class='ocrx_word' id='word_1_8' title='bbox 998 545 1157 580; x_wconf 83' lang='lat' dir='ltr'>maculis</span> <span class='ocrx_word' id='word_1_9' title='bbox 1186 545 1319 579; x_wconf 81' lang='lat' dir='ltr'>albidis</span> <span class='ocrx_word' id='word_1_10' title='bbox 1347 545 1545 579; x_wconf 80' lang='lat' dir='ltr'>nonnullis</span> <span class='ocrx_word' id='word_1_11' title='bbox 1573 547 1720 592; x_wconf 81' lang='lat' dir='ltr'>sparsis.</span> 
     </span>
     <span class='ocr_line' id='line_1_4' title="bbox 217 621 1347 669; baseline -0.009 -5"><span class='ocrx_word' id='word_1_12' title='bbox 217 629 373 664; x_wconf 84' lang='lat' dir='ltr'>Habitat</span> <span class='ocrx_word' id='word_1_13' title='bbox 399 629 442 662; x_wconf 90' lang='lat' dir='ltr'>in</span> <span class='ocrx_word' id='word_1_14' title='bbox 469 625 686 669; x_wconf 79' lang='lat' dir='ltr'>Lusitania,</span> <span class='ocrx_word' id='word_1_15' title='bbox 728 623 932 669; x_wconf 79' lang='lat' dir='ltr'>Hispania,</span> <span class='ocrx_word' id='word_1_16' title='bbox 971 623 1100 667; x_wconf 82' lang='lat' dir='ltr'>Italia,</span> <span class='ocrx_word' id='word_1_17' title='bbox 1140 621 1347 668; x_wconf 83' lang='lat' dir='ltr'>Hungaria.</span> 
     </span>
    </p>

    <p class='ocr_par' dir='ltr' id='par_1_4' title="bbox 318 705 1682 751">
     <span class='ocr_line' id='line_1_5' title="bbox 318 705 1682 751; baseline -0.007 -4"><span class='ocrx_word' id='word_1_18' title='bbox 318 714 385 747; x_wconf 87' lang='lat' dir='ltr'>Est</span> <span class='ocrx_word' id='word_1_19' title='bbox 413 711 570 746; x_wconf 89' lang='lat' dir='ltr'>Cetonia</span> <span class='ocrx_word' id='word_1_20' title='bbox 593 707 696 742; x_wconf 63' lang='lat' dir='ltr'>hirta</span> <span class='ocrx_word' id='word_1_21' title='bbox 723 715 760 741; x_wconf 86' lang='lat' dir='ltr'>et</span> <span class='ocrx_word' id='word_1_22' title='bbox 786 709 825 742; x_wconf 94' lang='lat' dir='ltr'>C.</span> <span class='ocrx_word' id='word_1_23' title='bbox 855 705 1003 741; x_wconf 67' lang='lat' dir='ltr'>stictica</span> <span class='ocrx_word' id='word_1_24' title='bbox 1028 707 1159 751; x_wconf 83' lang='lat' dir='ltr'>paullo</span> <span class='ocrx_word' id='word_1_25' title='bbox 1186 706 1323 748; x_wconf 84' lang='lat' dir='ltr'>major,</span> <span class='ocrx_word' id='word_1_26' title='bbox 1367 711 1508 738; x_wconf 80' lang='lat' dir='ltr'>statura</span> <span class='ocrx_word' id='word_1_27' title='bbox 1535 705 1682 750; x_wconf 85' lang='lat' dir='ltr'>prioris.</span> 
     </span>
    </p>

    <p class='ocr_par' dir='ltr' id='par_1_5' title="bbox 218 772 1772 947">
     <span class='ocr_line' id='line_1_6' title="bbox 320 772 1772 824; baseline -0.005 -12"><span class='ocrx_word' id='word_1_28' title='bbox 320 781 482 824; x_wconf 88' lang='lat' dir='ltr'>Clypeus</span> <span class='ocrx_word' id='word_1_29' title='bbox 509 783 715 821; x_wconf 86' lang='lat' dir='ltr'>porrectus,</span> <span class='ocrx_word' id='word_1_30' title='bbox 752 775 877 808; x_wconf 83' lang='lat' dir='ltr'>antice</span> <span class='ocrx_word' id='word_1_31' title='bbox 902 773 1094 819; x_wconf 83' lang='lat' dir='ltr'>paulisper</span> <span class='ocrx_word' id='word_1_32' title='bbox 1120 778 1361 817; x_wconf 79' lang='lat' dir='ltr'>angustamS,</span> <span class='ocrx_word' id='word_1_33' title='bbox 1401 772 1587 814; x_wconf 82' lang='lat' dir='ltr'>profunde</span> <span class='ocrx_word' id='word_1_34' title='bbox 1614 773 1772 819; x_wconf 80' lang='lat' dir='ltr'>emargi-</span> 
     </span>
     <span class='ocr_line' id='line_1_7' title="bbox 218 837 1769 888; baseline -0.005 -8"><span class='ocrx_word' id='word_1_35' title='bbox 218 854 328 880; x_wconf 88' lang='lat' dir='ltr'>natus</span> <span class='ocrx_word' id='word_1_36' title='bbox 360 845 437 879; x_wconf 86' lang='lat' dir='ltr'>sive</span> <span class='ocrx_word' id='word_1_37' title='bbox 471 843 633 888; x_wconf 82' lang='lat' dir='ltr'>excisus,</span> <span class='ocrx_word' id='word_1_38' title='bbox 673 842 828 888; x_wconf 87' lang='lat' dir='ltr'>punctis</span> <span class='ocrx_word' id='word_1_39' title='bbox 862 839 1053 885; x_wconf 85' lang='lat' dir='ltr'>impressis</span> <span class='ocrx_word' id='word_1_40' title='bbox 1085 838 1226 882; x_wconf 81' lang='lat' dir='ltr'>scaber,</span> <span class='ocrx_word' id='word_1_41' title='bbox 1273 837 1417 883; x_wconf 87' lang='lat' dir='ltr'>postice</span> <span class='ocrx_word' id='word_1_42' title='bbox 1443 837 1532 882; x_wconf 88' lang='lat' dir='ltr'>pilis</span> <span class='ocrx_word' id='word_1_43' title='bbox 1560 839 1674 872; x_wconf 87' lang='lat' dir='ltr'>luteis</span> <span class='ocrx_word' id='word_1_44' title='bbox 1702 841 1769 872; x_wconf 80' lang='lat' dir='ltr'>vil-</span> 
     </span>
     <span class='ocr_line' id='line_1_8' title="bbox 218 915 329 947; baseline -0.036 0"><span class='ocrx_word' id='word_1_45' title='bbox 218 915 329 947; x_wconf 85' lang='lat' dir='ltr'>losus.</span> 
     </span>
    </p>

    <p class='ocr_par' dir='ltr' id='par_1_6' title="bbox 218 971 1771 1091">
     <span class='ocr_line' id='line_1_9' title="bbox 317 971 1771 1021; baseline -0.005 -9"><span class='ocrx_word' id='word_1_46' title='bbox 317 979 467 1012; x_wconf 73' lang='lat' dir='ltr'>Thorax</span> <span class='ocrx_word' id='word_1_47' title='bbox 493 977 735 1021; x_wconf 82' lang='lat' dir='ltr'>rotundatus,</span> <span class='ocrx_word' id='word_1_48' title='bbox 772 977 958 1019; x_wconf 85' lang='lat' dir='ltr'>elevatus,</span> <span class='ocrx_word' id='word_1_49' title='bbox 993 973 1136 1018; x_wconf 84' lang='lat' dir='ltr'>postice</span> <span class='ocrx_word' id='word_1_50' title='bbox 1159 972 1203 1005; x_wconf 84' lang='lat' dir='ltr'>ad</span> <span class='ocrx_word' id='word_1_51' title='bbox 1225 973 1430 1005; x_wconf 85' lang='lat' dir='ltr'>scutellum</span> <span class='ocrx_word' id='word_1_52' title='bbox 1452 971 1644 1015; x_wconf 80' lang='lat' dir='ltr'>sinuatus,</span> <span class='ocrx_word' id='word_1_53' title='bbox 1676 984 1771 1016; x_wconf 88' lang='lat' dir='ltr'>pun-</span> 
     </span>
     <span class='ocr_line' id='line_1_10' title="bbox 218 1038 1771 1091; baseline -0.005 -11"><span class='ocrx_word' id='word_1_54' title='bbox 218 1046 286 1080; x_wconf 85' lang='lat' dir='ltr'>ctis</span> <span class='ocrx_word' id='word_1_55' title='bbox 315 1045 525 1091; x_wconf 84' lang='lat' dir='ltr'>impressis,</span> <span class='ocrx_word' id='word_1_56' title='bbox 573 1044 699 1078; x_wconf 82' lang='lat' dir='ltr'>carina</span> <span class='ocrx_word' id='word_1_57' title='bbox 727 1042 862 1078; x_wconf 85' lang='lat' dir='ltr'>dorsali</span> <span class='ocrx_word' id='word_1_58' title='bbox 890 1042 1033 1088; x_wconf 81' lang='lat' dir='ltr'>glabra,</span> <span class='ocrx_word' id='word_1_59' title='bbox 1076 1039 1166 1084; x_wconf 87' lang='lat' dir='ltr'>pilis</span> <span class='ocrx_word' id='word_1_60' title='bbox 1194 1040 1318 1085; x_wconf 84' lang='lat' dir='ltr'>longis</span> <span class='ocrx_word' id='word_1_61' title='bbox 1352 1039 1466 1072; x_wconf 88' lang='lat' dir='ltr'>luteis</span> <span class='ocrx_word' id='word_1_62' title='bbox 1494 1038 1771 1073; x_wconf 86' lang='lat' dir='ltr'>villosissimus.</span> 
     </span>
    </p>

    <p class='ocr_par' dir='ltr' id='par_1_7' title="bbox 215 1106 1771 1690">
     <span class='ocr_line' id='line_1_11' title="bbox 318 1106 1770 1158; baseline -0.005 -12"><span class='ocrx_word' id='word_1_63' title='bbox 318 1114 448 1157; x_wconf 80' lang='lat' dir='ltr'>Elytra</span> <span class='ocrx_word' id='word_1_64' title='bbox 474 1112 649 1158; x_wconf 83' lang='lat' dir='ltr'>oblonga,</span> <span class='ocrx_word' id='word_1_65' title='bbox 698 1121 809 1155; x_wconf 85' lang='lat' dir='ltr'>supra</span> <span class='ocrx_word' id='word_1_66' title='bbox 834 1110 962 1153; x_wconf 80' lang='lat' dir='ltr'>plana,</span> <span class='ocrx_word' id='word_1_67' title='bbox 1011 1106 1181 1140; x_wconf 85' lang='lat' dir='ltr'>humeris</span> <span class='ocrx_word' id='word_1_68' title='bbox 1215 1106 1321 1149; x_wconf 87' lang='lat' dir='ltr'>quasi</span> <span class='ocrx_word' id='word_1_69' title='bbox 1355 1107 1549 1139; x_wconf 83' lang='lat' dir='ltr'>tuberculo</span> <span class='ocrx_word' id='word_1_70' title='bbox 1577 1107 1770 1151; x_wconf 86' lang='lat' dir='ltr'>prominu-</span> 
     </span>
     <span class='ocr_line' id='line_1_12' title="bbox 217 1172 1770 1224; baseline -0.005 -10"><span class='ocrx_word' id='word_1_71' title='bbox 217 1180 285 1224; x_wconf 84' lang='lat' dir='ltr'>lis,</span> <span class='ocrx_word' id='word_1_72' title='bbox 328 1187 458 1212; x_wconf 86' lang='lat' dir='ltr'>sutura</span> <span class='ocrx_word' id='word_1_73' title='bbox 486 1180 698 1212; x_wconf 81' lang='lat' dir='ltr'>subelevata</span> <span class='ocrx_word' id='word_1_74' title='bbox 726 1184 763 1209; x_wconf 91' lang='lat' dir='ltr'>et</span> <span class='ocrx_word' id='word_1_75' title='bbox 789 1175 903 1208; x_wconf 88' lang='lat' dir='ltr'>lineis</span> <span class='ocrx_word' id='word_1_76' title='bbox 933 1174 1074 1206; x_wconf 86' lang='lat' dir='ltr'>duabus</span> <span class='ocrx_word' id='word_1_77' title='bbox 1102 1172 1208 1214; x_wconf 85' lang='lat' dir='ltr'>latis,</span> <span class='ocrx_word' id='word_1_78' title='bbox 1259 1173 1429 1215; x_wconf 85' lang='lat' dir='ltr'>elevatis,</span> <span class='ocrx_word' id='word_1_79' title='bbox 1478 1173 1593 1205; x_wconf 86' lang='lat' dir='ltr'>altera</span> <span class='ocrx_word' id='word_1_80' title='bbox 1620 1174 1662 1206; x_wconf 87' lang='lat' dir='ltr'>in</span> <span class='ocrx_word' id='word_1_81' title='bbox 1689 1174 1770 1218; x_wconf 82' lang='lat' dir='ltr'>ipso</span> 
     </span>
     <span class='ocr_line' id='line_1_13' title="bbox 216 1239 1771 1289; baseline -0.005 -9"><span class='ocrx_word' id='word_1_82' title='bbox 216 1247 376 1280; x_wconf 88' lang='lat' dir='ltr'>humero</span> <span class='ocrx_word' id='word_1_83' title='bbox 403 1245 614 1289; x_wconf 81' lang='lat' dir='ltr'>incipiente</span> <span class='ocrx_word' id='word_1_84' title='bbox 641 1251 678 1276; x_wconf 82' lang='lat' dir='ltr'>et</span> <span class='ocrx_word' id='word_1_85' title='bbox 705 1242 748 1275; x_wconf 83' lang='lat' dir='ltr'>ad</span> <span class='ocrx_word' id='word_1_86' title='bbox 778 1241 889 1285; x_wconf 82' lang='lat' dir='ltr'>elytri</span> <span class='ocrx_word' id='word_1_87' title='bbox 917 1240 1063 1285; x_wconf 82' lang='lat' dir='ltr'>apicem</span> <span class='ocrx_word' id='word_1_88' title='bbox 1091 1239 1167 1271; x_wconf 81' lang='lat' dir='ltr'>fere</span> <span class='ocrx_word' id='word_1_89' title='bbox 1196 1239 1324 1282; x_wconf 79' lang='lat' dir='ltr'>ducta,</span> <span class='ocrx_word' id='word_1_90' title='bbox 1371 1240 1486 1271; x_wconf 84' lang='lat' dir='ltr'>altera</span> <span class='ocrx_word' id='word_1_91' title='bbox 1513 1239 1614 1272; x_wconf 89' lang='lat' dir='ltr'>inter</span> <span class='ocrx_word' id='word_1_92' title='bbox 1639 1241 1771 1273; x_wconf 88' lang='lat' dir='ltr'>hume-</span> 
     </span>
     <span class='ocr_line' id='line_1_14' title="bbox 216 1305 1770 1351; baseline -0.006 -4"><span class='ocrx_word' id='word_1_93' title='bbox 216 1325 302 1347; x_wconf 88' lang='lat' dir='ltr'>rum</span> <span class='ocrx_word' id='word_1_94' title='bbox 329 1320 366 1346; x_wconf 87' lang='lat' dir='ltr'>et</span> <span class='ocrx_word' id='word_1_95' title='bbox 394 1312 599 1345; x_wconf 83' lang='lat' dir='ltr'>scutellum</span> <span class='ocrx_word' id='word_1_96' title='bbox 627 1309 772 1343; x_wconf 86' lang='lat' dir='ltr'>oriente</span> <span class='ocrx_word' id='word_1_97' title='bbox 799 1315 836 1341; x_wconf 83' lang='lat' dir='ltr'>et</span> <span class='ocrx_word' id='word_1_98' title='bbox 862 1308 904 1340; x_wconf 89' lang='lat' dir='ltr'>in</span> <span class='ocrx_word' id='word_1_99' title='bbox 932 1307 1042 1351; x_wconf 88' lang='lat' dir='ltr'>elytri</span> <span class='ocrx_word' id='word_1_100' title='bbox 1069 1305 1193 1339; x_wconf 83' lang='lat' dir='ltr'>medio</span> <span class='ocrx_word' id='word_1_101' title='bbox 1222 1306 1428 1339; x_wconf 82' lang='lat' dir='ltr'>desinente.</span> <span class='ocrx_word' id='word_1_102' title='bbox 1502 1307 1700 1339; x_wconf 83' lang='lat' dir='ltr'>Caeterum</span> <span class='ocrx_word' id='word_1_103' title='bbox 1729 1307 1770 1339; x_wconf 89' lang='lat' dir='ltr'>in</span> 
     </span>
     <span class='ocr_line' id='line_1_15' title="bbox 215 1364 1769 1424; baseline -0.005 -10"><span class='ocrx_word' id='word_1_104' title='bbox 215 1364 376 1424; x_wconf 77' lang='lat' dir='ltr'>utroque</span> <span class='ocrx_word' id='word_1_105' title='bbox 411 1380 529 1423; x_wconf 86' lang='lat' dir='ltr'>elytro</span> <span class='ocrx_word' id='word_1_106' title='bbox 562 1384 722 1422; x_wconf 82' lang='lat' dir='ltr'>quatuor</span> <span class='ocrx_word' id='word_1_107' title='bbox 754 1376 878 1409; x_wconf 87' lang='lat' dir='ltr'>lineae</span> <span class='ocrx_word' id='word_1_108' title='bbox 911 1374 1006 1407; x_wconf 81' lang='lat' dir='ltr'>aliae</span> <span class='ocrx_word' id='word_1_109' title='bbox 1038 1372 1303 1417; x_wconf 81' lang='lat' dir='ltr'>tenuissimae,</span> <span class='ocrx_word' id='word_1_110' title='bbox 1358 1374 1537 1415; x_wconf 80' lang='lat' dir='ltr'>elevatae,</span> <span class='ocrx_word' id='word_1_111' title='bbox 1585 1373 1769 1419; x_wconf 78' lang='lat' dir='ltr'>geminae,</span> 
     </span>
     <span class='ocr_line' id='line_1_16' title="bbox 215 1440 1769 1485; baseline -0.006 -4"><span class='ocrx_word' id='word_1_112' title='bbox 215 1448 316 1481; x_wconf 87' lang='lat' dir='ltr'>inter</span> <span class='ocrx_word' id='word_1_113' title='bbox 342 1448 484 1480; x_wconf 83' lang='lat' dir='ltr'>lineam</span> <span class='ocrx_word' id='word_1_114' title='bbox 512 1446 694 1478; x_wconf 81' lang='lat' dir='ltr'>elevatam</span> <span class='ocrx_word' id='word_1_115' title='bbox 719 1445 837 1476; x_wconf 81' lang='lat' dir='ltr'>latam</span> <span class='ocrx_word' id='word_1_116' title='bbox 865 1450 902 1475; x_wconf 83' lang='lat' dir='ltr'>et</span> <span class='ocrx_word' id='word_1_117' title='bbox 929 1449 1099 1475; x_wconf 76' lang='lat' dir='ltr'>suturmn</span> <span class='ocrx_word' id='word_1_118' title='bbox 1132 1441 1277 1485; x_wconf 81' lang='lat' dir='ltr'>positae</span> <span class='ocrx_word' id='word_1_119' title='bbox 1311 1448 1530 1473; x_wconf 84' lang='lat' dir='ltr'>cernuntur.</span> <span class='ocrx_word' id='word_1_120' title='bbox 1610 1440 1769 1484; x_wconf 83' lang='lat' dir='ltr'>Reliqua</span> 
     </span>
     <span class='ocr_line' id='line_1_17' title="bbox 216 1507 1769 1558; baseline -0.005 -10"><span class='ocrx_word' id='word_1_121' title='bbox 216 1514 328 1558; x_wconf 85' lang='lat' dir='ltr'>elytri</span> <span class='ocrx_word' id='word_1_122' title='bbox 357 1525 439 1558; x_wconf 84' lang='lat' dir='ltr'>pars</span> <span class='ocrx_word' id='word_1_123' title='bbox 467 1510 663 1556; x_wconf 86' lang='lat' dir='ltr'>punctulis</span> <span class='ocrx_word' id='word_1_124' title='bbox 692 1508 960 1554; x_wconf 76' lang='lat' dir='ltr'>irregularibus</span> <span class='ocrx_word' id='word_1_125' title='bbox 989 1508 1107 1540; x_wconf 83' lang='lat' dir='ltr'>obsita</span> <span class='ocrx_word' id='word_1_126' title='bbox 1135 1515 1172 1539; x_wconf 89' lang='lat' dir='ltr'>et</span> <span class='ocrx_word' id='word_1_127' title='bbox 1199 1508 1288 1551; x_wconf 88' lang='lat' dir='ltr'>pilis</span> <span class='ocrx_word' id='word_1_128' title='bbox 1316 1507 1457 1552; x_wconf 72' lang='lat' dir='ltr'>longis,</span> <span class='ocrx_word' id='word_1_129' title='bbox 1498 1507 1611 1538; x_wconf 90' lang='lat' dir='ltr'>luteis</span> <span class='ocrx_word' id='word_1_130' title='bbox 1640 1507 1769 1540; x_wconf 66' lang='lat' dir='ltr'>villosa</span> 
     </span>
     <span class='ocr_line' id='line_1_18' title="bbox 217 1572 1769 1619; baseline -0.006 -4"><span class='ocrx_word' id='word_1_131' title='bbox 217 1589 282 1615; x_wconf 85' lang='lat' dir='ltr'>est.</span> <span class='ocrx_word' id='word_1_132' title='bbox 354 1580 454 1613; x_wconf 88' lang='lat' dir='ltr'>Hine</span> <span class='ocrx_word' id='word_1_133' title='bbox 484 1579 594 1611; x_wconf 88' lang='lat' dir='ltr'>illine</span> <span class='ocrx_word' id='word_1_134' title='bbox 622 1583 712 1610; x_wconf 80' lang='lat' dir='ltr'>sunt</span> <span class='ocrx_word' id='word_1_135' title='bbox 739 1576 908 1608; x_wconf 83' lang='lat' dir='ltr'>maculae</span> <span class='ocrx_word' id='word_1_136' title='bbox 936 1576 995 1608; x_wconf 85' lang='lat' dir='ltr'>vel</span> <span class='ocrx_word' id='word_1_137' title='bbox 1021 1573 1204 1607; x_wconf 85' lang='lat' dir='ltr'>rotundae</span> <span class='ocrx_word' id='word_1_138' title='bbox 1232 1575 1290 1606; x_wconf 72' lang='lat' dir='ltr'>vel</span> <span class='ocrx_word' id='word_1_139' title='bbox 1318 1572 1533 1619; x_wconf 76' lang='lat' dir='ltr'>irregularis</span> <span class='ocrx_word' id='word_1_140' title='bbox 1563 1573 1703 1618; x_wconf 77' lang='lat' dir='ltr'>figurae</span> <span class='ocrx_word' id='word_1_141' title='bbox 1733 1583 1769 1607; x_wconf 84' lang='lat' dir='ltr'>et</span> 
     </span>
     <span class='ocr_line' id='line_1_19' title="bbox 215 1646 676 1690; baseline -0.007 -9"><span class='ocrx_word' id='word_1_142' title='bbox 215 1648 332 1681; x_wconf 81' lang='lat' dir='ltr'>albidi</span> <span class='ocrx_word' id='word_1_143' title='bbox 358 1646 492 1680; x_wconf 88' lang='lat' dir='ltr'>coloris</span> <span class='ocrx_word' id='word_1_144' title='bbox 520 1655 676 1690; x_wconf 86' lang='lat' dir='ltr'>sparsae.</span> 
     </span>
    </p>

    <p class='ocr_par' dir='ltr' id='par_1_8' title="bbox 215 1707 1770 1826">
     <span class='ocr_line' id='line_1_20' title="bbox 318 1707 1770 1756; baseline -0.004 -8"><span class='ocrx_word' id='word_1_145' title='bbox 318 1714 528 1748; x_wconf 89' lang='lat' dir='ltr'>Scutellum</span> <span class='ocrx_word' id='word_1_146' title='bbox 556 1719 664 1745; x_wconf 86' lang='lat' dir='ltr'>acute</span> <span class='ocrx_word' id='word_1_147' title='bbox 690 1710 938 1756; x_wconf 81' lang='lat' dir='ltr'>triangulare,</span> <span class='ocrx_word' id='word_1_148' title='bbox 980 1709 1021 1741; x_wconf 90' lang='lat' dir='ltr'>in</span> <span class='ocrx_word' id='word_1_149' title='bbox 1048 1708 1128 1741; x_wconf 83' lang='lat' dir='ltr'>basi</span> <span class='ocrx_word' id='word_1_150' title='bbox 1162 1710 1261 1749; x_wconf 90' lang='lat' dir='ltr'>(non</span> <span class='ocrx_word' id='word_1_151' title='bbox 1290 1719 1405 1751; x_wconf 83' lang='lat' dir='ltr'>aeque</span> <span class='ocrx_word' id='word_1_152' title='bbox 1433 1707 1634 1747; x_wconf 83' lang='lat' dir='ltr'>lateribus)</span> <span class='ocrx_word' id='word_1_153' title='bbox 1676 1719 1770 1752; x_wconf 89' lang='lat' dir='ltr'>pun-</span> 
     </span>
     <span class='ocr_line' id='line_1_21' title="bbox 215 1775 1558 1826; baseline -0.005 -11"><span class='ocrx_word' id='word_1_154' title='bbox 215 1782 284 1815; x_wconf 83' lang='lat' dir='ltr'>ctis</span> <span class='ocrx_word' id='word_1_155' title='bbox 312 1780 521 1826; x_wconf 84' lang='lat' dir='ltr'>impressis:</span> <span class='ocrx_word' id='word_1_156' title='bbox 560 1779 704 1824; x_wconf 85' lang='lat' dir='ltr'>postice</span> <span class='ocrx_word' id='word_1_157' title='bbox 730 1777 819 1822; x_wconf 89' lang='lat' dir='ltr'>pilis</span> <span class='ocrx_word' id='word_1_158' title='bbox 847 1776 970 1821; x_wconf 77' lang='lat' dir='ltr'>parvis</span> <span class='ocrx_word' id='word_1_159' title='bbox 999 1776 1147 1822; x_wconf 79' lang='lat' dir='ltr'>rigidis,</span> <span class='ocrx_word' id='word_1_160' title='bbox 1190 1775 1342 1819; x_wconf 77' lang='lat' dir='ltr'>pallidis</span> <span class='ocrx_word' id='word_1_161' title='bbox 1372 1775 1558 1808; x_wconf 73' lang='lat' dir='ltr'>ciliatum.</span> 
     </span>
    </p>

    <p class='ocr_par' dir='ltr' id='par_1_9' title="bbox 214 1841 1767 2028">
     <span class='ocr_line' id='line_1_22' title="bbox 315 1841 1767 1893; baseline -0.005 -11"><span class='ocrx_word' id='word_1_162' title='bbox 315 1849 430 1883; x_wconf 88' lang='lat' dir='ltr'>Pedes</span> <span class='ocrx_word' id='word_1_163' title='bbox 463 1847 535 1881; x_wconf 85' lang='lat' dir='ltr'>atri</span> <span class='ocrx_word' id='word_1_164' title='bbox 568 1845 805 1893; x_wconf 82' lang='lat' dir='ltr'>glaberrimi,</span> <span class='ocrx_word' id='word_1_165' title='bbox 847 1844 1051 1876; x_wconf 84' lang='lat' dir='ltr'>femoribus</span> <span class='ocrx_word' id='word_1_166' title='bbox 1088 1843 1236 1888; x_wconf 85' lang='lat' dir='ltr'>pilosis,</span> <span class='ocrx_word' id='word_1_167' title='bbox 1279 1843 1320 1875; x_wconf 92' lang='lat' dir='ltr'>in</span> <span class='ocrx_word' id='word_1_168' title='bbox 1348 1842 1528 1875; x_wconf 81' lang='lat' dir='ltr'>tibiarum</span> <span class='ocrx_word' id='word_1_169' title='bbox 1558 1841 1767 1875; x_wconf 79' lang='lat' dir='ltr'>anticaruiu</span> 
     </span>
     <span class='ocr_line' id='line_1_23' title="bbox 214 1909 1767 1955; baseline -0.005 -5"><span class='ocrx_word' id='word_1_170' title='bbox 214 1917 330 1951; x_wconf 86' lang='lat' dir='ltr'>latere</span> <span class='ocrx_word' id='word_1_171' title='bbox 358 1915 539 1948; x_wconf 80' lang='lat' dir='ltr'>exteriore</span> <span class='ocrx_word' id='word_1_172' title='bbox 566 1922 655 1947; x_wconf 87' lang='lat' dir='ltr'>sunt</span> <span class='ocrx_word' id='word_1_173' title='bbox 683 1913 810 1946; x_wconf 85' lang='lat' dir='ltr'>dentes</span> <span class='ocrx_word' id='word_1_174' title='bbox 840 1919 931 1954; x_wconf 83' lang='lat' dir='ltr'>tres,</span> <span class='ocrx_word' id='word_1_175' title='bbox 982 1923 1144 1955; x_wconf 83' lang='lat' dir='ltr'>quorum</span> <span class='ocrx_word' id='word_1_176' title='bbox 1176 1910 1317 1955; x_wconf 84' lang='lat' dir='ltr'>priores</span> <span class='ocrx_word' id='word_1_177' title='bbox 1356 1909 1429 1942; x_wconf 88' lang='lat' dir='ltr'>duo</span> <span class='ocrx_word' id='word_1_178' title='bbox 1459 1909 1588 1955; x_wconf 79' lang='lat' dir='ltr'>magni</span> <span class='ocrx_word' id='word_1_179' title='bbox 1617 1910 1767 1943; x_wconf 84' lang='lat' dir='ltr'>subcur-</span> 
     </span>
     <span class='ocr_line' id='line_1_24' title="bbox 215 1980 1022 2028; baseline -0.007 -12"><span class='ocrx_word' id='word_1_180' title='bbox 215 1983 309 2028; x_wconf 78' lang='lat' dir='ltr'>vati,</span> <span class='ocrx_word' id='word_1_181' title='bbox 351 1982 485 2026; x_wconf 84' lang='lat' dir='ltr'>validi,</span> <span class='ocrx_word' id='word_1_182' title='bbox 524 1982 657 2015; x_wconf 87' lang='lat' dir='ltr'>tertius</span> <span class='ocrx_word' id='word_1_183' title='bbox 686 1980 829 2022; x_wconf 85' lang='lat' dir='ltr'>minor,</span> <span class='ocrx_word' id='word_1_184' title='bbox 879 1986 1022 2011; x_wconf 87' lang='lat' dir='ltr'>acutus.</span> 
     </span>
    </p>

    <p class='ocr_par' dir='ltr' id='par_1_10' title="bbox 317 2043 1492 2094">
     <span class='ocr_line' id='line_1_25' title="bbox 317 2043 1492 2094; baseline -0.007 -11"><span class='ocrx_word' id='word_1_185' title='bbox 317 2051 458 2094; x_wconf 86' lang='lat' dir='ltr'>Corpus</span> <span class='ocrx_word' id='word_1_186' title='bbox 487 2050 616 2083; x_wconf 85' lang='lat' dir='ltr'>subtus</span> <span class='ocrx_word' id='word_1_187' title='bbox 645 2056 787 2089; x_wconf 81' lang='lat' dir='ltr'>atrum,</span> <span class='ocrx_word' id='word_1_188' title='bbox 830 2047 1019 2092; x_wconf 82' lang='lat' dir='ltr'>glabrum,</span> <span class='ocrx_word' id='word_1_189' title='bbox 1060 2044 1149 2089; x_wconf 82' lang='lat' dir='ltr'>pilis</span> <span class='ocrx_word' id='word_1_190' title='bbox 1178 2043 1307 2076; x_wconf 84' lang='lat' dir='ltr'>minus</span> <span class='ocrx_word' id='word_1_191' title='bbox 1336 2050 1492 2076; x_wconf 83' lang='lat' dir='ltr'>tectum.</span> 
     </span>
    </p>

    <p class='ocr_par' dir='ltr' id='par_1_11' title="bbox 215 2109 1767 2496">
     <span class='ocr_line' id='line_1_26' title="bbox 316 2109 1765 2159; baseline -0.006 -9"><span class='ocrx_word' id='word_1_192' title='bbox 316 2116 494 2150; x_wconf 83' lang='lat' dir='ltr'>Cetoniae</span> <span class='ocrx_word' id='word_1_193' title='bbox 528 2116 650 2148; x_wconf 83' lang='lat' dir='ltr'>hirtae</span> <span class='ocrx_word' id='word_1_194' title='bbox 682 2114 892 2159; x_wconf 75' lang='lat' dir='ltr'>peraffinis,</span> <span class='ocrx_word' id='word_1_195' title='bbox 933 2113 1111 2145; x_wconf 80' lang='lat' dir='ltr'>distincta</span> <span class='ocrx_word' id='word_1_196' title='bbox 1146 2119 1274 2144; x_wconf 83' lang='lat' dir='ltr'>tamen</span> <span class='ocrx_word' id='word_1_197' title='bbox 1308 2109 1575 2156; x_wconf 80' lang='lat' dir='ltr'>magnitudine</span> <span class='ocrx_word' id='word_1_198' title='bbox 1601 2111 1765 2154; x_wconf 81' lang='lat' dir='ltr'>plerum-</span> 
     </span>
     <span class='ocr_line' id='line_1_27' title="bbox 216 2177 1763 2227; baseline -0.006 -10"><span class='ocrx_word' id='word_1_199' title='bbox 216 2194 288 2227; x_wconf 88' lang='lat' dir='ltr'>que</span> <span class='ocrx_word' id='word_1_200' title='bbox 323 2185 446 2216; x_wconf 85' lang='lat' dir='ltr'>multo</span> <span class='ocrx_word' id='word_1_201' title='bbox 481 2183 677 2227; x_wconf 79' lang='lat' dir='ltr'>ampliore:</span> <span class='ocrx_word' id='word_1_202' title='bbox 724 2181 813 2226; x_wconf 86' lang='lat' dir='ltr'>pilis</span> <span class='ocrx_word' id='word_1_203' title='bbox 853 2182 950 2214; x_wconf 80' lang='lat' dir='ltr'>laete</span> <span class='ocrx_word' id='word_1_204' title='bbox 986 2179 1117 2213; x_wconf 81' lang='lat' dir='ltr'>luteis:</span> <span class='ocrx_word' id='word_1_205' title='bbox 1171 2180 1302 2223; x_wconf 70' lang='lat' dir='ltr'>clypeo</span> <span class='ocrx_word' id='word_1_206' title='bbox 1336 2177 1460 2210; x_wconf 85' lang='lat' dir='ltr'>antice</span> <span class='ocrx_word' id='word_1_207' title='bbox 1503 2177 1590 2221; x_wconf 87' lang='lat' dir='ltr'>plus</span> <span class='ocrx_word' id='word_1_208' title='bbox 1625 2177 1763 2209; x_wconf 79' lang='lat' dir='ltr'>exciso:</span> 
     </span>
     <span class='ocr_line' id='line_1_28' title="bbox 217 2243 1767 2295; baseline -0.005 -12"><span class='ocrx_word' id='word_1_209' title='bbox 217 2251 375 2284; x_wconf 79' lang='lat' dir='ltr'>maculis</span> <span class='ocrx_word' id='word_1_210' title='bbox 410 2251 616 2295; x_wconf 85' lang='lat' dir='ltr'>elytrorum</span> <span class='ocrx_word' id='word_1_211' title='bbox 649 2248 888 2293; x_wconf 78' lang='lat' dir='ltr'>paucioribus</span> <span class='ocrx_word' id='word_1_212' title='bbox 925 2255 961 2280; x_wconf 90' lang='lat' dir='ltr'>et</span> <span class='ocrx_word' id='word_1_213' title='bbox 996 2259 1074 2280; x_wconf 88' lang='lat' dir='ltr'>non</span> <span class='ocrx_word' id='word_1_214' title='bbox 1102 2246 1212 2289; x_wconf 86' lang='lat' dir='ltr'>albis,</span> <span class='ocrx_word' id='word_1_215' title='bbox 1255 2256 1458 2289; x_wconf 83' lang='lat' dir='ltr'>earumque</span> <span class='ocrx_word' id='word_1_216' title='bbox 1486 2244 1558 2276; x_wconf 78' lang='lat' dir='ltr'>alia</span> <span class='ocrx_word' id='word_1_217' title='bbox 1584 2243 1703 2276; x_wconf 66' lang='lat' dir='ltr'>forma</span> <span class='ocrx_word' id='word_1_218' title='bbox 1732 2252 1767 2276; x_wconf 87' lang='lat' dir='ltr'>et</span> 
     </span>
     <span class='ocr_line' id='line_1_29' title="bbox 216 2310 1766 2357; baseline -0.005 -7"><span class='ocrx_word' id='word_1_219' title='bbox 216 2318 290 2350; x_wconf 80' lang='lat' dir='ltr'>alio</span> <span class='ocrx_word' id='word_1_220' title='bbox 318 2316 404 2350; x_wconf 87' lang='lat' dir='ltr'>situ.</span> <span class='ocrx_word' id='word_1_221' title='bbox 483 2316 601 2349; x_wconf 80' lang='lat' dir='ltr'>Linea</span> <span class='ocrx_word' id='word_1_222' title='bbox 628 2317 768 2349; x_wconf 77' lang='lat' dir='ltr'>elevata</span> <span class='ocrx_word' id='word_1_223' title='bbox 797 2315 837 2348; x_wconf 89' lang='lat' dir='ltr'>in</span> <span class='ocrx_word' id='word_1_224' title='bbox 864 2315 1016 2348; x_wconf 88' lang='lat' dir='ltr'>humeri</span> <span class='ocrx_word' id='word_1_225' title='bbox 1043 2314 1239 2347; x_wconf 86' lang='lat' dir='ltr'>tuberculo</span> <span class='ocrx_word' id='word_1_226' title='bbox 1268 2312 1456 2357; x_wconf 86' lang='lat' dir='ltr'>incipiens</span> <span class='ocrx_word' id='word_1_227' title='bbox 1484 2310 1606 2343; x_wconf 85' lang='lat' dir='ltr'>multo</span> <span class='ocrx_word' id='word_1_228' title='bbox 1634 2310 1766 2343; x_wconf 88' lang='lat' dir='ltr'>distin-</span> 
     </span>
     <span class='ocr_line' id='line_1_30' title="bbox 215 2377 1765 2427; baseline -0.003 -10"><span class='ocrx_word' id='word_1_229' title='bbox 215 2385 311 2418; x_wconf 85' lang='lat' dir='ltr'>ctior</span> <span class='ocrx_word' id='word_1_230' title='bbox 339 2392 393 2417; x_wconf 84' lang='lat' dir='ltr'>est</span> <span class='ocrx_word' id='word_1_231' title='bbox 418 2383 460 2416; x_wconf 88' lang='lat' dir='ltr'>in</span> <span class='ocrx_word' id='word_1_232' title='bbox 489 2384 565 2416; x_wconf 89' lang='lat' dir='ltr'>Cet.</span> <span class='ocrx_word' id='word_1_233' title='bbox 594 2382 730 2415; x_wconf 82' lang='lat' dir='ltr'>crinita</span> <span class='ocrx_word' id='word_1_234' title='bbox 757 2395 870 2427; x_wconf 85' lang='lat' dir='ltr'>quam</span> <span class='ocrx_word' id='word_1_235' title='bbox 897 2382 939 2415; x_wconf 87' lang='lat' dir='ltr'>in</span> <span class='ocrx_word' id='word_1_236' title='bbox 963 2383 1041 2415; x_wconf 82' lang='lat' dir='ltr'>Cet.</span> <span class='ocrx_word' id='word_1_237' title='bbox 1066 2381 1168 2414; x_wconf 87' lang='lat' dir='ltr'>hirta</span> <span class='ocrx_word' id='word_1_238' title='bbox 1196 2388 1233 2413; x_wconf 90' lang='lat' dir='ltr'>et</span> <span class='ocrx_word' id='word_1_239' title='bbox 1259 2381 1381 2412; x_wconf 80' lang='lat' dir='ltr'>multo</span> <span class='ocrx_word' id='word_1_240' title='bbox 1409 2377 1601 2421; x_wconf 83' lang='lat' dir='ltr'>elevatior,</span> <span class='ocrx_word' id='word_1_241' title='bbox 1643 2377 1695 2411; x_wconf 87' lang='lat' dir='ltr'>ita</span> <span class='ocrx_word' id='word_1_242' title='bbox 1724 2388 1765 2412; x_wconf 87' lang='lat' dir='ltr'>ut</span> 
     </span>
     <span class='ocr_line' id='line_1_31' title="bbox 217 2444 1765 2496; baseline -0.005 -12"><span class='ocrx_word' id='word_1_243' title='bbox 217 2452 342 2485; x_wconf 80' lang='lat' dir='ltr'>carina</span> <span class='ocrx_word' id='word_1_244' title='bbox 368 2451 487 2496; x_wconf 79' lang='lat' dir='ltr'>possit</span> <span class='ocrx_word' id='word_1_245' title='bbox 513 2448 703 2495; x_wconf 80' lang='lat' dir='ltr'>appellari.</span> <span class='ocrx_word' id='word_1_246' title='bbox 782 2449 837 2481; x_wconf 84' lang='lat' dir='ltr'>Ad</span> <span class='ocrx_word' id='word_1_247' title='bbox 865 2449 1016 2481; x_wconf 88' lang='lat' dir='ltr'>humeri</span> <span class='ocrx_word' id='word_1_248' title='bbox 1042 2448 1284 2480; x_wconf 82' lang='lat' dir='ltr'>tuberculum</span> <span class='ocrx_word' id='word_1_249' title='bbox 1312 2446 1439 2491; x_wconf 84' lang='lat' dir='ltr'>ipsum</span> <span class='ocrx_word' id='word_1_250' title='bbox 1467 2446 1556 2478; x_wconf 83' lang='lat' dir='ltr'>haec</span> <span class='ocrx_word' id='word_1_251' title='bbox 1585 2444 1687 2478; x_wconf 84' lang='lat' dir='ltr'>linea</span> <span class='ocrx_word' id='word_1_252' title='bbox 1714 2456 1765 2477; x_wconf 86' lang='lat' dir='ltr'>ra-</span> 
     </span>
    </p>
   </div>
   <div class='ocr_carea' id='block_1_4' title="bbox 216 2515 1292 2562">
    <p class='ocr_par' dir='ltr' id='par_1_12' title="bbox 216 2515 1292 2562">
     <span class='ocr_line' id='line_1_32' title="bbox 216 2515 1292 2562; baseline -0.006 -10"><span class='ocrx_word' id='word_1_253' title='bbox 216 2520 366 2553; x_wconf 86' lang='lat' dir='ltr'>mulum</span> <span class='ocrx_word' id='word_1_254' title='bbox 395 2517 554 2562; x_wconf 86' lang='lat' dir='ltr'>emittit,</span> <span class='ocrx_word' id='word_1_255' title='bbox 593 2528 705 2561; x_wconf 83' lang='lat' dir='ltr'>quam</span> <span class='ocrx_word' id='word_1_256' title='bbox 733 2516 776 2549; x_wconf 94' lang='lat' dir='ltr'>ob</span> <span class='ocrx_word' id='word_1_257' title='bbox 806 2528 884 2548; x_wconf 83' lang='lat' dir='ltr'>rem</span> <span class='ocrx_word' id='word_1_258' title='bbox 911 2516 1022 2549; x_wconf 77' lang='lat' dir='ltr'>bifida</span> <span class='ocrx_word' id='word_1_259' title='bbox 1050 2515 1102 2547; x_wconf 83' lang='lat' dir='ltr'>ibi</span> <span class='ocrx_word' id='word_1_260' title='bbox 1129 2520 1292 2559; x_wconf 78' lang='lat' dir='ltr'>apparet.</span> 
     </span>
    </p>
   </div>
  </div>
 </body>
</html>
