2325 3286
534 331 607 364 186

531 429 633 462 inter
673 425 785 470 elytri
820 425 939 457 lineas
975 423 1132 454 elevatas
1167 419 1384 463 continuas,
1433 420 1581 453 cinctae
1620 429 1710 454 sunt
1748 422 1850 456 linea
1883 423 2081 471 irregulari

532 494 805 540 punctulorum
848 489 1150 529 crenulatoruni,
1199 497 1360 529 quorum
1393 486 1435 519 in
1473 488 1552 520 Car.
1591 487 1756 520 carinato
1795 501 1842 523 ne
1877 492 2081 537 vestigium

532 561 686 605 quidem
713 555 956 600 conspicitur.

632 622 902 668 Bffagnitucline
932 621 970 653 C.
993 619 1180 652 carinatus
1206 621 1244 652 C.
1266 621 1464 664 granulato
1491 620 1752 663 pauxillulum
1773 620 1889 664 cedit,
1925 630 1961 655 et
1983 635 2084 668 prae-

532 702 587 726 ter
614 697 736 736 partes
767 699 878 733 supra
905 686 1106 731 descriptas
1135 686 1177 718 in
1204 686 1360 731 reliquis
1389 686 1564 719 omnibus
1593 699 1682 720 cum
1709 687 1776 720 illo
1810 689 1997 722 convenit.

954 916 1255 956 Percus
1345 915 1662 956 ebenus.

1161 1020 1240 1048 Tab.
1267 1021 1304 1048 v.
1344 1019 1396 1059 fig.
1424 1023 1450 1051 1.

530 1129 567 1161 P.
595 1133 690 1167 ater,
737 1122 901 1164 nitidus,
947 1121 1081 1165 laevis,
1126 1120 1253 1164 elytris
1282 1119 1531 1153 subtilissime
1558 1120 1718 1165 striatis,
1756 1124 1946 1167 connatis,
1994 1126 2084 1158 stria

580 1189 783 1236 marginali
814 1195 1007 1233 punctata.

681 1253 894 1283 Schoenherr.
930 1252 1024 1280 Tom.
1049 1251 1073 1279 I.
1103 1261 1173 1291 pag.
1200 1254 1271 1284 191-
1317 1252 1457 1281 Carabus
1487 1251 1618 1281 ebenus.

675 1312 810 1347 Dejean.
843 1320 912 1348 pag.
940 1312 988 1340 13.
1034 1310 1150 1337 Percus
1175 1309 1310 1343 ebenu55
1345 1309 1508 1338 Schoenh.
1531 1327 1574 1333 —-
1595 1311 1702 1350 piger3
1728 1309 1889 1340 Lau-eine.

531 1372 683 1405 Habitat
711 1371 752 1402 in
780 1369 995 1411 Lusitania,
1036 1368 1230 1412 Hispania.

631 1453 834 1499 Diagnosis
871 1460 908 1485 et
944 1451 1145 1495 descriptio
1179 1451 1315 1484 insecti
1348 1451 1391 1484 in
1425 1463 1536 1496 opere
1561 1451 1789 1497 perillustris
1818 1455 2083 1499 Schoenherri,

530 1524 554 1556 l.
584 1533 613 1554 c.
640 1521 681 1553 in
710 1518 956 1552 annotatione
984 1518 1192 1560 exhibitae,
1241 1525 1332 1550 sunt
1359 1518 1542 1562 optimae,
1585 1518 1630 1552 ad
1658 1531 1747 1563 quas
1774 1521 1894 1567 igitur
1920 1523 2082 1557 remitto.

634 1587 761 1620 Genus
789 1585 961 1618 ⁷⁷Percus’'
994 1585 1040 1617 cl.
1069 1584 1218 1617 Bonelli
1248 1584 1470 1617 introduxit.

907 1813 1240 1868 Buprestis
1315 1814 1704 1868 adspersula.

1158 1920 1237 1949 Tab.
1263 1921 1315 1949 VI.
1349 1921 1401 1960 fig.
1425 1924 1455 1953 9.

533 2027 644 2069 Bupr.
672 2031 784 2065 tereS,
826 2022 1027 2064 subaenea,
1065 2021 1183 2065 hirta,
1226 2021 1422 2067 languida,
1450 2021 1581 2054 subtus
1611 2022 1776 2055 cinerea:
1817 2024 1949 2058 thorax
1977 2038 2081 2061 cana-

580 2090 778 2131 liculatus,
823 2089 946 2121 antice
973 2088 1124 2133 gibbus:
1169 2089 1286 2131 elytra
1312 2088 1483 2121 brunnea
1508 2090 1835 2135 luteo-adspersa.
1887 2093 2028 2140 (Illig.)

681 2155 762 2193 Illig.
788 2153 872 2192 Mag.
903 2154 975 2182 Vol.
1001 2154 1044 2182 Π.
1074 2163 1142 2192 pag.
1166 2155 1238 2184 237.

678 2211 891 2241 Schoenherr.
924 2211 1017 2240 Tom.
1042 2212 1101 2240 III.
1131 2221 1201 2250 pag.
1226 2213 1298 2244 263.

531 2271 683 2304 Habitat
709 2271 751 2304 in
778 2271 971 2317 Algarviae
999 2271 1134 2316 Myrtis
1164 2279 1201 2304 et
1232 2271 1272 2303 in
1300 2270 1501 2304 Dalmatia.

631 2355 777 2387 Statura
810 2355 848 2388 B.
882 2355 1087 2398 taeniatae,
1137 2354 1200 2387 secl
1235 2354 1379 2397 minor,
1427 2361 1587 2398 quatuor
1618 2354 1736 2388 lineas
1764 2357 1887 2402 longa.
1969 2360 2077 2392 Color

534 2420 648 2453 totius
682 2421 873 2463 animalis,
927 2421 958 2454 si
998 2422 1116 2465 elytra
1151 2421 1400 2465 excipiamus,
1453 2422 1737 2455 fusco-aeneus
1773 2431 1841 2456 est:
1896 2425 1940 2456 ob
1979 2425 2076 2468 pilos

532 2486 766 2519 brevissimos
795 2488 951 2533 griseos,
997 2488 1131 2532 quibus
1159 2488 1290 2521 subtus
1317 2495 1462 2521 tectum
1490 2496 1564 2533 est,
1612 2489 1805 2522 cinereum
1834 2490 1887 2522 ibi
1915 2502 2075 2536 apparot.
