2325 3286
505 345 577 377 222

651 441 732 479 mig.
770 441 855 479 Mag.
889 441 982 469 Ton‘.
1007 440 1071 469 nl.—
1100 449 1170 479 pag.
1195 443 1245 473 96.
1291 440 1511 470 Rhinomacer
1534 444 1764 482 necydalojdes,

649 498 809 526 Schoenh.
848 497 941 524 Tom.
968 496 1025 524 III.
1058 506 1127 536 pag.
1152 497 1224 530 488.
1271 497 1475 530 Stenostoma
1497 506 1639 530 rostrata.

650 556 720 591 Dej.
747 556 813 583 Cat.
844 563 914 592 pag.
937 557 986 585 77.
1032 555 1167 586 Stenost.
1192 562 1283 585 rostr.

506 615 655 648 Habitat
684 615 725 646 in
753 613 968 658 Lusitania,
1010 614 1134 648 Gallia
1165 615 1417 650 meridionali.

602 697 733 729 Clarus
760 697 868 730 Rossi
895 696 937 730 in
965 698 1086 731 Tomo
1114 698 1201 732 IIdo
1234 700 1440 734 Mantissae
1472 700 1517 734 ad
1545 701 1712 734 Faunam
1739 702 1936 737 Etruscam
1971 718 2052 752 pag.

503 766 560 798 99.
604 745 800 809 descripsit
836 765 1074 809 coleopteron
1109 766 1177 799 sub
1216 767 1391 802 nomine:
1459 756 1664 812 Necydalis'
1692 768 1749 809 (Ρ)
1789 771 2051 816 ceramboides,

502 830 561 862 his
589 832 723 864 verbis:
778 832 927 865 ”Paullo
963 832 1082 873 major
1109 833 1246 879 Necyd.
1280 835 1519 868 viridissima.
1600 836 1741 880 Corpus
1774 844 1900 871 totum
1935 839 2055 873 fusco-

503 898 700 941 ''aeneum‚
750 897 1006 943 irregulariter
1040 901 1331 945 punctulatum,
1377 901 1468 945 pilis
1502 901 1719 936 rariusculis
1748 904 1880 938 albidis
1910 906 2055 951 adsper-

503 965 617 997 '⁷sum.
698 967 894 996 Antennae
921 964 1135 1009 filiformes,
1181 966 1406 1009 mediocres,
1448 967 1491 999 in
1518 968 1639 1001 oculis
1666 970 1825 1014 positae,
1867 973 2052 1017 sUbrufae,

502 1031 689 1064 ”articulis
718 1030 849 1075 nigris.
928 1030 1077 1063 Thorax
1110 1031 1212 1064 haud
1245 1032 1524 1076 tuberculosus,
1570 1041 1686 1078 teres,
1735 1048 1937 1082 convexus,
1979 1053 2054 1074 ma-

501 1097 575 1142 ‘⁷gis
611 1097 826 1142 elongatus,
875 1096 1070 1142 magisque
1102 1098 1226 1131 antice
1259 1105 1498 1145 angustatUS,
1548 1111 1621 1144 quo
1655 1103 1875 1147 paullulum
1914 1108 2054 1140 recedit

501 1165 562 1196 ”ab
596 1164 697 1201 aliis,
745 1162 846 1195 unde
874 1163 1021 1208 generis
1049 1164 1292 1200 incertitudo.
1372 1166 1501 1210 Elytra
1534 1167 1663 1201 minus
1699 1177 1910 1216 attenuata,
1959 1173 2055 1207 inte-

501 1231 601 1275 ⁷'gra‚
641 1230 782 1262 lineola
809 1229 932 1262 media
959 1230 1188 1274 prominula.
1267 1233 1422 1266 Femora
1454 1234 1582 1266 omnia
1614 1237 1801 1281 aequalia,
1851 1239 2052 1285 simplicia,

503 1297 682 1340 ''mutica,
722 1296 766 1329 ad
792 1296 899 1329 basin
926 1298 1163 1331 rufescentia.
1242 1300 1332 1332 Alae
1365 1299 1526 1333 fuscae.''

602 1365 646 1395 In
681 1363 740 1395 his
778 1363 896 1395 verbis
938 1363 1223 1398 Stenostomatis
1256 1365 1378 1399 nostri
1412 1366 1708 1412 descriptionem
1743 1382 1918 1417 agnosco:
1966 1375 2052 1408 icon

503 1438 628 1462 autem
665 1430 754 1462 Tab.
782 1431 823 1462 V.
865 1429 932 1462 sub
968 1430 1042 1463 litt.
1071 1431 1112 1464 O.
1145 1432 1267 1476 operis
1302 1433 1477 1467 Rossiani
1510 1435 1611 1468 haud
1644 1435 1737 1469 bene
1772 1445 1826 1471 est
1857 1440 2050 1485 elaborata,

504 1504 545 1528 ut
573 1497 633 1529 vix
662 1497 750 1530 inde
777 1496 921 1540 aliquid
950 1497 1129 1531 extricare
1160 1499 1288 1543 possis.

848 1693 1249 1734 Stenostoma
1309 1697 1715 1753 variegatum.

1118 1784 1198 1814 Tab.
1231 1785 1285 1814 IX.
1322 1785 1373 1825 fig.
1400 1789 1429 1818 6.

501 1859 551 1891 St.
578 1859 765 1892 violaceo·
782 1870 895 1893 aeneo
912 1860 1107 1904 -fuscum,
1156 1863 1362 1906 elytrorum
1396 1871 1527 1897 sutura
1553 1865 1692 1909 albida,
1736 1867 1935 1913 fasciisque
1964 1870 2048 1904 dua-

550 1927 617 1959 bus
645 1926 930 1971 irregularibus,
971 1928 1114 1974 griseis,

645 1991 756 2029 Illiger
777 1992 811 2019 in
832 1992 959 2020 litteris:
1003 1992 1223 2024 Rhinomacer
1250 1995 1526 2036 Hoffmannseggi.

648 2048 757 2077 Germ.
791 2050 853 2078 Ins.
888 2060 958 2090 pag.
984 2054 1053 2083 167.
1099 2053 1301 2083 Stenostoma
1330 2057 1495 2095 variegata.

501 2106 653 2139 Habitat
682 2108 722 2139 in
749 2109 957 2144 Lusitania.

598 2174 868 2219 blagnitudine
895 2185 931 2210 et
958 2185 1098 2211 statura
1122 2180 1390 2223 praecedentis.

600 2241 722 2285 Caput
755 2250 897 2282 atrum,
948 2246 1356 2291 aeneo-subnitidum‚
1402 2248 1491 2292 pilis
1520 2248 1643 2282 densis
1674 2256 1826 2282 tectum.
1909 2253 2047 2284 Anten-

500 2316 568 2338 nae
595 2307 850 2353 atro-fuscae,
890 2310 967 2343 basi
993 2312 1113 2355 rufae,
1163 2314 1386 2358 subpilosae.

602 2373 749 2407 Thorax
783 2375 952 2416 eiusdem
987 2379 1138 2423 coloris,
1185 2380 1308 2413 antice
1339 2381 1446 2414 valde
1479 2382 1671 2427 globosus,
1715 2383 1858 2428 postice
1889 2393 2046 2418 coarcta-

501 2446 580 2479 tus3
621 2440 661 2471 iu
689 2441 794 2474 dorso
821 2452 963 2487 puncta
990 2444 1063 2478 duo
1091 2457 1157 2479 seu
1185 2447 1353 2481 maculae
1379 2448 1561 2482 rotundae
1596 2449 1758 2494 albidae,
1800 2463 1819 2484 e
1852 2451 1939 2496 pilis
1968 2463 2046 2496 par-

503 2504 554 2536 vis
582 2507 780 2540 confectae.
