2310 3292
1689 364 1763 396 239

218 481 295 502 non
322 467 470 500 macula
504 466 665 511 oblonga
698 464 844 509 apicem
877 473 1020 505 versus,
1069 474 1163 506 quae
1194 461 1404 504 interdum,
1450 459 1511 493 sed
1540 472 1636 504 raro,
1677 472 1764 494 cum

219 541 361 580 puncto
389 532 580 567 humerali
607 532 780 565 cohaeret
812 538 850 564 et
876 530 929 563 sic
956 529 1091 564 vittam
1117 529 1265 561 format.

317 599 549 645 Perinsignis
591 606 647 632 est
685 599 837 631 thorace
876 596 1208 642 longitudinaliter
1246 594 1441 640 ruguloso,
1491 592 1605 627 sicuti
1641 593 1765 627 fronte

215 667 306 713 pilis
334 674 434 700 certo
462 666 539 699 situ
566 664 866 698 albo-micante.
940 663 1058 696 Oculo
1084 663 1179 695 bene
1207 669 1349 694 armato
1376 659 1488 694 series
1517 662 1643 705 plures
1670 660 1764 705 pilo-

213 746 301 768 rum
332 733 641 767 brevissimorum
674 730 885 763 albidorum
918 729 959 762 in
995 728 1123 772 elytris
1159 735 1383 771 cernuntur,
1428 727 1556 771 quales
1585 727 1627 760 in
1654 728 1762 760 nullo

214 802 292 836 fere
317 800 390 834 alio
419 798 716 842 Cryptocephalo
743 797 832 830 vidi.

313 867 461 899 Nomen
489 864 532 896 ab
561 864 725 897 Oliviero
751 862 978 907 impositum
1006 859 1162 902 servavi,
1212 871 1300 892 cum
1336 858 1480 904 optime
1515 860 1606 892 huic
1634 870 1763 892 conve-

211 933 292 967 niat
325 931 623 976 Cryptocephalo
658 937 695 963 et
729 940 818 962 cum
852 928 989 961 dubius
1015 926 1131 959 etiam
1156 926 1350 969 haeream,
1394 937 1443 959 an
1471 927 1762 970 Cryptocephali

209 1005 426 1033 sexnotatus
454 997 724 1031 etrhumeralis
751 995 911 1029 Fabricii
937 1006 976 1027 re
1003 1005 1086 1026 vera
1114 993 1231 1025 iidem
1259 993 1352 1035 sint,
1401 1000 1513 1037 atque
1548 1000 1674 1025 noster
1703 994 1762 1028 Cr.

208 1064 428 1111 rugicollis'?
506 1063 684 1108 Quamvis
713 1074 757 1095 ex
784 1062 1007 1095 auctoritate
1034 1059 1286 1093 oculatissimi
1312 1060 1458 1105 Illigeri
1486 1060 1760 1104 Cryptocepha-

205 1133 262 1167 los
289 1131 524 1166 Fabricianos
552 1141 619 1175 pro
646 1129 865 1173 synonymis
893 1139 1004 1172 supra
1031 1127 1292 1172 allegaverim,
1336 1127 1416 1170 ipsa
1443 1134 1571 1163 tamen
1598 1127 1759 1160 Fabricii

208 1200 317 1233 verba
346 1196 652 1232 convenientiam
679 1195 832 1240 allegati
859 1193 964 1226 valde
992 1193 1155 1225 reddunt
1189 1199 1411 1238 suspectam.
1492 1193 1612 1225 Dicit:
1659 1193 1759 1226 ’'tho-

206 1278 271 1300 rax
298 1274 391 1310 ater,
433 1264 599 1306 nitidus,
639 1260 951 1294 immaculatus’':
991 1260 1023 1292 si
1049 1270 1088 1292 re
1116 1270 1199 1291 vera
1225 1260 1281 1292 Cr.
1311 1258 1538 1304 rugicollein
1565 1267 1652 1291 ante
1673 1270 1759 1291 ocu-

205 1334 261 1367 los
300 1330 511 1373 habuisset,
561 1330 755 1362 thoracem
789 1328 869 1369 ejus
907 1326 990 1359 sine
1025 1326 1138 1359 dubio
1172 1337 1249 1358 non
1284 1325 1454 1357 nitidum
1488 1326 1756 1369 appellaturus,

205 1399 269 1432 sed
297 1399 341 1432 de
367 1396 514 1443 rugulis
544 1396 623 1438 ejus
651 1397 846 1428 locuturus
873 1393 1018 1426 fuisset.
1080 1394 1280 1426 Caeterum
1308 1392 1505 1436 utriusque
1532 1392 1669 1425 insecti
1696 1404 1757 1436 pa-

203 1466 277 1499 tria
307 1475 385 1497 non
417 1464 538 1496 obstat
571 1473 701 1495 eorum
732 1461 942 1494 identitati:
994 1459 1216 1492 Lusitaniae
1247 1459 1351 1492 enim
1385 1470 1546 1506 magnus
1582 1466 1619 1492 et
1651 1460 1758 1492 Mau-

203 1531 363 1566 ritaniae
403 1530 635 1563 insectorum
670 1539 850 1561 numerus
879 1526 1093 1559 communis
1122 1534 1187 1558 est.

603 1707 1066 1764 Cryptocephalus
1104 1706 1354 1748 axillaris.

810 1798 890 1827 Tab.
923 1798 993 1826 VH.
1029 1797 1081 1837 fig.
1115 1802 1144 1830 9.

203 1880 260 1913 Cr.
289 1877 416 1924 niger,
456 1876 657 1921 oblongus,
701 1875 853 1908 thorace
879 1875 1032 1919 punctis
1062 1873 1272 1918 impressis,
1320 1871 1480 1905 maculis
1508 1871 1754 1917 inargiueque

251 1944 440 1978 testaceis:
492 1942 620 1987 elytris
656 1942 826 1975 testaceis
861 1949 1004 1986 puncto
1039 1940 1229 1974 humerali
1262 1939 1391 1986 nigro:
1440 1939 1596 1984 pedibus
1631 1939 1752 1984 nigris

250 2012 477 2057 plerumque
504 2021 592 2043 cum
619 2010 767 2042 macula
793 2009 885 2042 flava
921 2009 962 2040 in
989 2008 1205 2040 femoribus.

348 2077 421 2113 Dej.
452 2077 519 2105 Cat.
546 2078 617 2107 127.
661 2075 713 2103 Cr.
738 2075 920 2114 variegatus.
945 2074 990 2112 (?)
1035 2074 1085 2103 Cr.
1112 2073 1266 2107 axillaris,
1302 2071 1399 2099 Dahl.

198 2136 353 2170 Habitat
379 2136 421 2168 in
447 2135 619 2168 Austriae
646 2134 852 2167 montibus.

300 2204 367 2236 Est
393 2215 412 2236 e
439 2201 655 2244 majoribus.
721 2203 863 2245 Corpus
891 2208 1016 2232 totum
1043 2199 1217 2244 nigrum,
1259 2197 1388 2229 subtus
1417 2203 1454 2229 et
1481 2195 1681 2239 praecipue
1708 2196 1752 2228 ad

200 2277 394 2316 segmenta
427 2268 681 2302 abdominalia
718 2268 808 2313 pilis
842 2266 963 2312 parvis
1000 2266 1143 2298 flavidis
1178 2264 1374 2297 sericeum.
1454 2264 1574 2305 Caput
1607 2269 1750 2295 atrum:

195 2348 313 2382 prope
339 2343 520 2369 antennas
548 2336 661 2368 habet
686 2336 852 2368 maculas
881 2342 954 2366 tres
985 2334 1117 2376 luteas,
1157 2343 1275 2364 unam
1303 2331 1402 2363 inter
1429 2336 1612 2360 antennas
1639 2328 1750 2372 ipsas,

196 2403 360 2448 reliquas
387 2402 568 2446 utrinque
595 2402 722 2435 subter
747 2401 885 2435 oculis:
920 2408 976 2434 est
1001 2400 1154 2446 punctis
1182 2397 1353 2443 pluribus
1382 2395 1607 2439 impressum
1638 2401 1675 2426 et
1700 2395 1752 2428 la-

197 2470 305 2504 cunis
333 2469 559 2514 quibusdam
586 2476 814 2502 excavatum.
892 2468 1090 2500 Antennae
1123 2466 1272 2512 nigrae,
1312 2461 1481 2497 articulis
1508 2473 1527 2494 a
1554 2460 1677 2506 primo
1706 2461 1749 2494 ad

197 2536 380 2582 quintum
408 2535 589 2570 testaceis.
