2310 3292
1737 325 1811 359 209

672 417 1068 462 scarabaeus
1129 420 1394 475 alpinus

258 529 313 561 Sc.
360 525 702 571 hemisphaericus,
759 527 891 574 clypeo
938 530 1159 573 subobtuso,
1219 529 1361 573 scabro,
1417 529 1568 562 thorace
1615 526 1807 561 subtiliter

306 593 615 639 punctatissimo,
678 594 808 638 elytris
859 595 1012 629 thorace
1064 596 1192 641 paullo
1237 596 1491 642 longioribus,
1556 595 1805 630 subtilissime

304 661 462 708 rugosis.

403 725 475 762 Dej.
501 725 568 753 Cat.
599 732 667 763 pag.
692 725 743 756 56.

252 785 407 819 Habitat
432 784 475 817 in
501 783 719 817 carinthiae
746 783 903 828 alpibus.

353 868 501 900 Statura
533 866 790 911 praecedentis
824 874 861 900 et
895 867 952 901 Sc.
985 866 1161 910 vernalis,
1209 867 1272 900 sed
1306 866 1432 901 minor
1457 874 1496 901 et
1524 867 1652 915 elflris
1679 868 1801 900 multo

250 933 490 967 brevioribus.

353 999 515 1045 Clypeus
542 999 696 1044 punctis
723 999 916 1044 impressis
945 1008 981 1034 et
1008 1001 1112 1048 rugis
1139 1001 1278 1034 scaber:
1320 1001 1475 1034 obtusus
1502 1011 1569 1034 seu
1596 999 1720 1034 antice
1747 1011 1801 1032 ro-

248 1066 446 1111 tundatus,
492 1066 614 1100 multo
646 1065 766 1112 magis
802 1078 915 1110 quam
948 1067 991 1100 in
1018 1068 1075 1102 Sc.
1101 1068 1255 1102 vernali.
1331 1069 1528 1102 Antennae
1555 1068 1702 1114 nigrae,
1744 1078 1799 1100 ea-

249 1146 410 1178 rumque
437 1134 538 1167 clava
562 1133 733 1166 brunnea
760 1134 819 1166 vel
845 1134 1071 1179 ferruginea.

349 1202 499 1234 Thorax
524 1198 678 1244 punctis
706 1198 939 1232 creberrimis
965 1199 1181 1247 perexiguis
1208 1200 1418 1246 impressis,
1456 1212 1550 1245 quae
1578 1200 1620 1234 in
1640 1200 1695 1234 Sc.
1722 1210 1797 1232 ver-

248 1268 326 1300 nali
354 1268 494 1309 majora
521 1273 558 1299 et
584 1265 761 1310 pauciora
788 1272 889 1300 sunt.

345 1334 475 1378 Elytra
507 1332 620 1365 lineis
654 1340 886 1377 punctorum
920 1345 1121 1378 parvorum
1156 1345 1235 1367 non
1267 1335 1437 1368 multum
1464 1333 1732 1379 impressorum
1761 1340 1795 1366 et

246 1399 392 1447 rugulis
420 1400 553 1433 multis
581 1400 816 1444 transversis,
862 1408 1054 1434 caeterum
1082 1401 1224 1448 glabra,
1265 1400 1398 1435 nitida.

347 1468 457 1501 Color
489 1466 620 1500 subtus
652 1466 856 1501 violaceus:
908 1480 1020 1513 supra
1059 1468 1187 1514 niger,
1241 1468 1570 1502 brunneo-aeneo
1610 1467 1793 1501 admixto:

244 1536 450 1578 elytrorum
476 1544 604 1580 margo
630 1534 868 1578 thoracisque
902 1534 1039 1568 viridi·
1056 1535 1199 1568 nitens.

615 1765 1004 1807 Scarabaeus
1064 1764 1417 1821 rugulosus

243 1877 298 1910 Sc.
333 1875 673 1921 hemisphaeriCUS,
721 1875 847 1922 niger,
895 1875 1021 1920 elytris
1056 1875 1207 1908 thorace
1243 1874 1304 1907 vix
1339 1874 1590 1921 longioribus,
1636 1882 1791 1920 puncta-

290 1943 467 1987 tissimis,
507 1942 780 1975 scabriuseulis.

240 2010 394 2044 Habitat
420 2010 462 2043 in
493 2010 612 2043 Italia.

340 2094 537 2128 Scarabaeo
563 2093 747 2140 laevigato
773 2093 876 2126 Fabr.
904 2091 1145 2136 simillimus,
1189 2092 1251 2125 sed
1280 2092 1402 2126 multo
1430 2093 1565 2126 minor.

338 2162 488 2195 Thorax
515 2161 680 2205 planior,
722 2171 835 2204 quam
862 2159 904 2192 in
932 2159 1018 2204 illo,
1054 2159 1180 2192 antice
1207 2167 1430 2204 coarctatus,
1470 2160 1622 2205 punctis
1651 2160 1789 2192 creber-

238 2228 343 2262 rimis
384 2236 420 2261 et
461 2227 768 2272 profundioribus
802 2226 1006 2272 impressis.
1085 2227 1224 2260 Differt
1262 2226 1440 2271 inprimis
1474 2228 1618 2261 ratione
1653 2227 1787 2271 clypei,

237 2296 303 2340 qui
329 2295 482 2339 punctis
510 2295 726 2340 profundis,
766 2294 976 2339 impressis,
1016 2301 1095 2327 tam
1123 2294 1302 2328 confertis
1331 2294 1474 2327 obsitus
1499 2302 1571 2336 est,
1609 2301 1653 2326 ut
1679 2293 1785 2326 valde

237 2362 436 2409 rugulosus
461 2369 655 2406 appareat:
695 2373 764 2395 nec
791 2373 870 2395 non
896 2361 1042 2395 ratione
1069 2363 1294 2406 elytrorum,
1330 2372 1424 2405 quae
1452 2361 1493 2393 in
1520 2361 1575 2394 Sc.
1602 2360 1784 2407 laevigato

238 2430 356 2463 laevia
389 2436 497 2461 sunt:
546 2428 588 2461 in
622 2428 677 2461 Sc.
707 2429 886 2474 ruguloso
920 2428 1073 2473 punctis
1105 2436 1203 2461 tecta
1229 2428 1428 2472 profundis
1455 2428 1689 2462 creberrimis
1717 2428 1786 2461 im·

238 2496 390 2542 pressis,
433 2507 527 2540 quae
561 2495 653 2529 hinc
689 2495 798 2529 illinc
830 2495 873 2528 in
906 2496 1059 2542 rugulas
1091 2506 1219 2540 parvas
1246 2496 1446 2530 confluunt
1472 2503 1509 2529 et
1535 2495 1654 2529 lineas
1683 2506 1785 2540 quas-

1337 2565 1385 2598 27
