2310 3292
1716 363 1791 397 227

684 454 954 508 Leptura
1019 455 1349 496 tesserula.

238 563 280 596 L.
307 562 499 607 aterrima,
549 563 677 607 elytris
711 564 901 609 testaceis,
949 571 1093 609 puncto
1128 564 1171 597 in
1205 572 1366 609 utroque
1398 565 1517 609 elytro
1552 564 1677 598 medio
1711 572 1790 598 atro

287 631 488 676 angulato,
530 630 698 673 apicibus
727 631 828 664 atris.

236 697 390 731 Habitat
417 697 459 729 in
486 697 682 743 Hungaria
708 696 873 730 australi.

337 781 484 814 Statura
509 781 617 825 Lept.
644 788 895 822 tomentosae‚
937 779 1000 813 sed
1027 779 1167 822 major3
1208 786 1334 812 totum
1362 792 1493 826 corpus
1523 783 1685 827 exceptis
1715 784 1788 826 ely-

234 846 301 880 tris
329 846 571 889 aterrimum,
614 846 802 885 nitidum,
845 847 934 891 pilis
963 846 1084 878 aureis
1113 846 1387 890 quodammodo
1416 848 1610 882 sericeum.

339 914 462 958 Caput
495 913 759 957 rotundatum,
816 915 913 946 collo
948 913 1147 957 distincto,
1198 914 1351 958 punctis
1386 914 1577 959 impressis
1613 926 1787 948 numero-

232 978 392 1013 sissimis
421 979 605 1023 obsitum,
648 980 825 1013 antennis
853 980 1082 1013 subseri-atis.

335 1046 484 1080 Thorax
510 1048 702 1093 globosus,
752 1047 896 1091 postice
923 1047 1073 1093 angulis
1101 1046 1310 1091 subacutis,
1358 1059 1445 1080 cum
1473 1049 1631 1081 scutello
1660 1049 1785 1081 aterri-

231 1124 333 1151 mus,
373 1114 527 1158 punctis
554 1114 746 1159 impressis
774 1113 996 1157 majoribus,
1032 1113 1094 1147 sed
1121 1103 1360 1158 paucioribus
1389 1126 1503 1159 quam
1529 1115 1571 1151 in
1599 1116 1731 1160 capite.

331 1180 461 1224 Elytra
494 1181 536 1213 in
568 1181 648 1214 basi
681 1181 833 1213 thorace
865 1188 954 1213 sunt
986 1180 1137 1224 latiora,
1184 1182 1370 1224 profunde
1397 1182 1564 1225 sinuata,
1608 1183 1650 1215 in
1678 1183 1782 1227 apice

231 1246 382 1290 oblique
408 1255 598 1280 truncata:
638 1247 792 1291 punctis
821 1247 1032 1280 numerosis
1060 1247 1253 1292 impressis
1282 1247 1417 1290 obsita,
1452 1259 1577 1280 versus
1605 1249 1781 1281 humeros

229 1314 451 1358 majoribus,
496 1325 622 1347 versus
658 1314 806 1358 apicem
840 1314 1064 1347 minoribus.
1141 1315 1187 1347 In
1221 1325 1450 1358 unoquoque
1476 1323 1619 1359 puncto
1648 1323 1702 1349 est
1731 1327 1783 1348 se·
1808 1344 1814 1347 s

228 1381 311 1414 tula
342 1392 468 1425 aurea,
522 1388 620 1413 retro
657 1388 846 1426 spectans,
901 1388 946 1414 ut
984 1381 1026 1414 in
1059 1380 1232 1425 pluribus
1270 1381 1446 1426 Lepturis
1485 1383 1592 1415 solet.
1673 1383 1782 1415 Color

228 1448 436 1491 elytrorum
472 1455 655 1481 testaceus
690 1455 801 1492 atque
832 1447 875 1480 in
914 1447 1039 1480 medio
1074 1448 1314 1494 singulorum
1348 1449 1556 1492 elytrorum
1594 1457 1649 1482 est
1684 1461 1781 1494 pun-

229 1522 334 1547 ctum
361 1522 486 1547 atrum
513 1515 744 1560 triangulare
772 1515 830 1546 vel
858 1509 1099 1560 angulatum}
1140 1526 1233 1558 apex
1261 1523 1316 1547 est
1344 1515 1522 1548 distincte
1545 1524 1581 1549 et
1602 1517 1678 1549 late
1701 1524 1779 1548 atro

225 1580 464 1614 terminatus.
529 1582 574 1614 In
600 1579 778 1613 foeminis
807 1581 1096 1625 conspiciuntur
1122 1581 1244 1614 lineae
1273 1581 1456 1625 quaedam
1482 1583 1779 1628 longitudinales

225 1647 428 1680 lucidiores
464 1659 529 1681 seu
564 1648 778 1691 nitidiores,
827 1648 962 1691 quibus
997 1660 1076 1681 mas
1113 1659 1234 1681 carere
1265 1649 1424 1683 videtur.
1504 1650 1639 1682 Sutura
1666 1651 1778 1694 plane

226 1725 304 1748 non
339 1722 428 1748 atra.

325 1782 461 1815 Pectus
497 1793 585 1814 cum
615 1781 816 1814 abdomine
851 1781 1090 1826 aterrimum‚
1145 1782 1334 1827 glabrum,
1382 1783 1570 1823 nitidum,
1621 1792 1776 1828 puncta-

224 1857 326 1894 tum,
364 1848 453 1893 pilis
481 1849 601 1893 parvis
631 1848 806 1881 obsitum.

326 1916 439 1949 Pedes
468 1916 554 1960 atri,
597 1915 750 1960 punctis
779 1915 982 1960 impressis.

571 2111 928 2166 Leptura
1016 2111 1422 2169 distigma.

661 2202 740 2231 Tab.
766 2202 820 2231 IX.
845 2201 898 2242 fig.
924 2206 951 2234 1.
976 2212 1070 2236 mas.;
1103 2203 1155 2242 fig.
1174 2203 1203 2234 4.
1228 2203 1326 2233 soem.

222 2279 264 2312 L.
301 2285 396 2322 atra,
449 2279 577 2322 elytris
619 2279 732 2312 maris
772 2279 972 2324 purpureis
1006 2280 1280 2323 immaculatis,
1333 2280 1519 2314 foeminae
1559 2277 1767 2319 miniaceis,

272 2345 377 2391 apice
405 2352 443 2377 et
468 2345 628 2378 maculis
657 2346 797 2379 duabus
825 2346 979 2391 mediis,
1022 2347 1141 2394 nigris
1170 2347 1293 2392 pictis.

370 2410 485 2439 Comes
509 2409 547 2437 de
570 2409 824 2451 Hoffmannsegg
845 2414 880 2441 in
901 2412 1023 2441 litteris.

369 2468 440 2504 Dej.
467 2468 533 2496 Cat.
564 2478 633 2508 pag.
660 2472 728 2500 113.

221 2527 374 2562 Habitat
402 2527 442 2560 in
470 2529 667 2562 Lusitania
696 2537 731 2562 et
757 2528 952 2573 Hispania.

1268 2597 1315 2629 29
1360 2591 1371 2607 ς
