2310 3292
1732 334 1802 366 187

356 429 477 472 Caput
503 439 591 460 cum
618 428 769 461 thorace
796 427 948 472 punctis
975 428 1125 474 magnis
1153 436 1208 461 est
1234 428 1479 473 impressum:
1517 430 1650 462 thorax
1678 430 1801 464 amice

255 494 447 538 globosus,
487 495 590 528 linea
617 494 751 527 dorsali
778 494 964 539 profunde
997 495 1186 538 impressa.

353 561 482 605 Elytra
516 560 1017 605 purpurascenti-brunum
1050 568 1156 593 sunt:
1202 561 1354 605 punctis
1391 562 1562 608 oblongis
1590 563 1799 607 profundis,

251 626 293 659 in
319 627 432 660 series
459 628 592 672 positis
627 634 664 659 et
693 626 851 659 maculis
879 627 1011 659 multis
1039 628 1180 671 parvis,
1216 628 1502 672 irregularibus,
1544 630 1647 663 flavis
1675 641 1799 674 sparsa

250 701 356 731 sunt,
397 694 486 738 pilis
515 705 598 726 vero
624 693 745 737 parvis
768 692 944 735 cinereis,
984 701 1081 726 retro
1103 693 1360 738 spectantibus
1381 693 1469 726 adeo
1493 695 1606 737 dense
1627 696 1796 739 obducta,

250 767 293 792 ut
321 761 489 794 maculae
516 760 630 792 flavae
656 759 717 792 vix
745 759 1038 804 conspiciantur.

648 990 925 1043 Buprestis
979 988 1396 1042 quadrilineata.

397 1105 524 1133 Hei-bst.
559 1104 628 1133 Col.
654 1104 747 1137 Tom.
772 1103 828 1132 IX.
865 1113 935 1143 pag.
962 1105 1030 1135 104.
1077 1104 1155 1132 Tab.
1182 1105 1251 1135 143.
1287 1104 1339 1143 fig.
1365 1107 1394 1136 8.

397 1173 425 1190 v.
449 1161 634 1190 Muehlfeld
655 1161 745 1189 Bem.
780 1170 850 1199 pag.
873 1164 924 1193 22.

395 1220 542 1257 (Zenker
562 1219 615 1257 in)
646 1219 757 1247 Germ.
781 1218 866 1257 Mag.
896 1218 990 1246 Tom.
1019 1222 1045 1250 1.
1077 1219 1148 1247 Vol.
1174 1223 1203 1251 2.
1233 1227 1302 1257 pag.
1327 1220 1396 1249 161.

392 1275 552 1306 Schoenh.
587 1276 682 1305 Tom.
703 1276 759 1304 ΙΙΙ.
788 1286 857 1315 pag.
878 1277 949 1308 252.
980 1275 1110 1311 (locum
1123 1286 1163 1304 ex
1179 1276 1330 1304 Herbstio
1344 1275 1382 1303 ad
1400 1275 1434 1304 B.
1450 1282 1607 1304 moestam
1623 1276 1798 1315 referens.)

395 1335 475 1374 Illig.
508 1335 593 1373 Mag.
619 1335 711 1363 Tom.
732 1334 788 1362 IV.
812 1343 881 1372 pag.
902 1337 951 1366 92.
978 1334 1105 1371 (locum
1125 1344 1165 1362 ex
1179 1334 1330 1362 Herbstio
1349 1333 1386 1361 ad
1400 1333 1435 1362 B.
1450 1340 1608 1363 moestam
1624 1335 1796 1373 referens.)

699 1457 1026 1511 Buprestis
1093 1466 1338 1496 moesta.

393 1571 485 1600 Fabr.
510 1571 560 1599 EI.
590 1580 658 1610 pag.
681 1572 751 1603 205.

392 1629 484 1657 Fabr.
510 1629 582 1657 Eut.
609 1629 702 1657 Tom.
729 1629 752 1657 I.
783 1638 851 1667 pag.
878 1631 949 1661 206.

392 1687 520 1715 Herbst.
547 1687 615 1716 Col.
641 1687 733 1715 Tom.
759 1687 813 1715 IX.
844 1696 914 1725 pag.
939 1688 1010 1718 283.
1046 1686 1129 1723 (sola
1153 1686 1289 1714 Fabricii
1313 1685 1407 1714 verba
1430 1686 1689 1723 transscribens.)

393 1745 553 1774 Schoenh.
589 1745 683 1773 Tom.
709 1744 766 1772 III.
799 1754 868 1783 pag.
892 1744 963 1775 252.

346 1823 564 1865 Buprestein
593 1820 907 1864 quadrilineatam
934 1830 1049 1863 prope
1077 1819 1264 1851 Viennam
1291 1819 1462 1852 Austriae
1497 1819 1539 1852 in
1566 1819 1706 1864 pinetis
1735 1819 1793 1851 de-

242 1895 395 1933 gentem
423 1886 617 1920 Herbstius
652 1887 675 1918 1.
713 1899 742 1920 c.
776 1887 921 1931 primus
954 1885 1168 1929 descripsit,
1215 1893 1250 1918 et
1277 1885 1396 1917 verbis
1424 1886 1567 1930 optime
1596 1885 1790 1931 congruis:

244 1954 393 1987 iconem
421 1964 504 1986 vero
532 1953 674 1986 addidit
702 1953 1009 1997 permediocrem.

344 2022 399 2054 De
432 2021 544 2064 Bupr.
575 2028 735 2063 moesta,
783 2021 825 2052 ab
860 2019 924 2051 illa
952 2018 1110 2051 omnino
1138 2018 1296 2060 diversa,
1343 2030 1362 2050 a
1391 2017 1557 2051 Fabricio
1584 2018 1660 2060 jam
1688 2018 1791 2062 prius

244 2088 444 2131 descripta,
495 2087 692 2119 Herbstius
726 2087 749 2120 l.
787 2099 818 2119 c.
849 2085 950 2118 nihil
984 2085 1060 2119 nisi
1094 2086 1201 2117 verba
1235 2084 1395 2117 Fabricii
1429 2083 1608 2117 translata
1650 2083 1790 2124 attulit,

243 2166 309 2187 nec
340 2153 632 2198 descriptionem
660 2153 927 2186 accuratiorem
956 2151 1118 2195 addidit3
1156 2152 1312 2185 fortasse
1338 2152 1436 2184 hanc
1465 2151 1684 2194 Buprestem
1713 2151 1791 2193 ipse

244 2232 320 2253 non
348 2221 497 2254 viderat.

343 2288 483 2332 Magna
518 2286 713 2330 utriusque
748 2286 887 2330 speciei
922 2285 1177 2319 similitudine
1205 2284 1469 2317 celeberrimus
1504 2283 1632 2328 Illiger
1667 2291 1790 2315 motus

243 2362 315 2395 est,
358 2361 398 2385 ut
428 2353 468 2385 in
496 2365 619 2397 opere:
660 2353 840 2399 iXIagazin
868 2361 937 2386 etc.
979 2353 1086 2385 Tom.
1113 2353 1173 2385 IV.
1207 2361 1291 2396 pag.
1321 2352 1379 2385 92.
1412 2350 1450 2381 B.
1480 2349 1791 2392 quadrilineatam

240 2420 407 2453 Herbstii
434 2419 478 2452 ad
506 2420 543 2452 B.
573 2425 755 2450 moestam
782 2419 960 2461 Fabricii,
1001 2426 1182 2461 tanquam
1210 2426 1478 2460 synonymam,
1518 2415 1688 2458 referret,
1730 2415 1791 2448 cui

241 2488 294 2520 rei
329 2499 348 2519 a
384 2497 519 2532 magno
554 2485 832 2518 Viennensium
871 2484 1138 2529 Entomologo,
1186 2483 1354 2528 Megerle
1389 2481 1433 2515 de
1465 2481 1695 2525 Muehlfeld,
1749 2482 1790 2514 in

1292 2551 1340 2584 24
1384 2546 1397 2563 ⁹
