2325 3286
527 318 601 352 202

938 403 1204 444 Peltis
1293 399 1660 454 oblonga.

677 514 855 553 Thymalus
872 510 1029 549 oblongus
1046 509 1132 537 Latr.

625 592 748 633 Hujus
783 587 898 622 Peltis
933 586 1075 631 speciei
1102 584 1190 618 satis
1218 591 1328 616 notae
1364 581 1574 626 specimina
1600 581 1718 614 habeo
1745 580 1861 625 triplo
1887 581 1963 616 fere
1990 594 2076 617 con-

525 659 640 695 suetis
668 658 808 699 majora
837 662 873 687 et
900 655 970 686 hoc
999 653 1114 685 etiam
1142 652 1184 684 ab
1214 650 1290 683 illis
1320 650 1481 692 diversa,
1531 648 1629 693 quod
1657 655 1770 692 caput
1795 655 1937 693 puncta
1963 649 2076 683 habet

522 728 705 771 impressa
732 722 914 757 crebriora
943 728 979 753 et
1006 719 1104 763 quod
1132 718 1317 751 abdomen
1345 725 1400 749 est
1427 716 1792 762 nigro-brunneum.
1871 715 1987 748 Peltis
2016 716 2075 749 ob-

522 796 637 840 longa
664 799 791 825 autem
817 790 1041 833 plerumque
1069 785 1269 818 abdomine
1295 785 1378 817 rufo
1406 785 1465 816 vel
1492 784 1595 816 fulvo
1624 781 1797 815 occurrit.
1875 782 2076 827 Quaeritur

524 873 572 894 an
599 860 666 893 illa
693 858 743 891 sit
770 856 843 889 alia
871 854 1011 898 species
1040 853 1181 885 diversa
1209 859 1246 884 et
1272 851 1457 895 peculiari
1484 850 1641 883 nomine
1674 848 1813 895 digna?

625 925 756 970 Illiger
783 924 824 955 in
852 933 978 965 opere,
1026 920 1085 952 die
1112 919 1222 951 Kafer
1249 918 1468 961 Preussens,
1514 917 1698 949 abdomen
1724 916 1892 948 fulvum:
1939 916 2075 949 Herbst

522 994 565 1028 in
601 994 767 1035 Coleopt.
813 989 920 1020 Tom.
953 987 993 1019 V.
1027 996 1110 1030 pag.
1149 987 1230 1020 196.
1266 983 1451 1015 abdomen
1484 981 1640 1027 nigrum
1673 982 1772 1015 Pelti
1807 982 1989 1028 oblongae
2023 991 2074 1016 at-

524 1059 709 1093 tribuunt.

892 1236 1328 1292 Micropeplus
1388 1244 1702 1288 porcatUS·

1132 1327 1212 1355 Tab.
1238 1326 1326 1354 VIII.
1360 1325 1412 1365 fig.
1437 1328 1467 1356 9.

671 1425 816 1466 Paykull.
842 1424 932 1452 Mon.
958 1421 1068 1459 Staph.
1096 1429 1165 1459 pag.
1191 1422 1240 1449 71.
1288 1417 1486 1456 Staphilinus
1509 1422 1668 1454 porcatus.

672 1486 766 1514 Fabr.
797 1483 871 1511 Ent.
902 1482 980 1520 Syst.
1015 1479 1109 1507 Tom.
1135 1478 1159 1506 Ι.
1196 1486 1265 1515 pag.
1291 1478 1362 1507 530.
1414 1474 1547 1513 Staphil.
1578 1483 1664 1511 porc.

671 1542 816 1582 Paykull.
850 1541 949 1568 Faun.
980 1537 1073 1565 Tom.
1105 1536 1163 1564 III.
1201 1544 1270 1572 pag.
1295 1534 1367 1564 413.
1419 1532 1553 1571 Staphfl.
1578 1541 1664 1569 porc.

672 1601 802 1630 Herbst.
836 1598 905 1626 Col.
937 1596 1030 1623 Tom.
1060 1595 1095 1622 V.
1128 1603 1196 1631 pag.
1222 1592 1293 1624 247.
1325 1590 1404 1618 Tab.
1429 1591 1479 1622 54.
1510 1590 1562 1628 fig.
1588 1592 1616 1620 6.
1663 1588 1806 1617 Nitidula
1824 1588 1951 1617 sulcata.

672 1659 771 1687 Rossi.
804 1656 907 1684 Mant.
932 1653 971 1681 II.
1006 1662 1075 1690 pag.
1103 1651 1171 1682 104.
1207 1649 1287 1677 Tab.
1314 1649 1338 1677 I.
1368 1648 1419 1688 fig.
1445 1649 1482 1677 O.
1530 1647 1664 1684 Staphil.
1691 1656 1776 1684 porc.

671 1718 765 1746 PanZ.
791 1714 864 1742 Ent.
895 1722 964 1751 pag.
992 1713 1062 1742 129.
1108 1708 1252 1737 Nitidula
1273 1707 1401 1735 sulcata.
1447 1716 1516 1745 pag.
1541 1707 1613 1737 358.
1659 1704 1794 1743 staphfl.
1824 1710 1980 1743 porcatus.

671 1775 765 1804 Fabr.
791 1772 840 1800 El.
865 1771 908 1800 ΙΙ.
939 1779 1008 1807 pag.
1033 1771 1104 1799 602.
1152 1766 1285 1804 Staphil.
1306 1775 1392 1803 porc.

673 1831 794 1862 Marsh.
824 1839 893 1868 pag.
920 1831 989 1865 137.
1035 1824 1131 1854 Nitid.
1160 1830 1296 1862 porcata.

676 1889 837 1920 Schoenh.
869 1888 963 1916 Tom.
989 1885 1028 1913 II.
1054 1893 1123 1922 pag.
1151 1883 1220 1915 148.
1266 1881 1363 1910 Nitid.
1389 1881 1466 1909 sulc.

674 1949 759 1977 Lau..
785 1948 867 1975 Gen.
897 1945 991 1972 Tom.
1017 1943 1073 1971 IV.
1104 1951 1172 1980 pag.
1198 1943 1269 1973 377.
1317 1937 1511 1976 Micropepli
1534 1946 1633 1976 genus
1655 1937 1779 1975 primus
1800 1935 1949 1966 condidit.

676 2004 830 2045 Gyllenh.
866 2003 959 2031 Tom.
984 2001 1026 2030 Π.
1059 2009 1128 2039 pag.
1152 2002 1224 2030 211.
1271 1997 1437 2026 Omalium
1459 2001 1636 2034 porcatum.

674 2064 747 2100 Dej.
779 2063 845 2091 Cat.
874 2070 944 2099 pag.
966 2060 1017 2091 44.
1064 2057 1285 2095 Micropeplus
1307 2057 1455 2084 sulcatus.

627 2138 874 2183 Entomologi
907 2137 951 2169 de
983 2137 1055 2168 hoc
1089 2136 1309 2178 Coleoptero
1344 2131 1506 2165 eximiae
1537 2136 1747 2162 structurae
1774 2128 1996 2162 disserentes
2025 2140 2078 2161 or-

529 2208 616 2242 dine
643 2204 910 2250 chronologico
938 2214 1049 2247 supra
1075 2208 1167 2234 sunt
1194 2199 1417 2232 enumerati.

629 2272 902 2308 Celeberrimus
929 2269 1088 2313 Paykull
1114 2268 1259 2312 primus
1288 2267 1332 2299 de
1361 2266 1432 2297 hoc
1459 2264 1602 2297 insecto
1630 2263 1672 2295 in
1698 2261 1975 2307 lVlonographia
2003 2262 2080 2296 Sta-

529 2341 777 2387 phylinorum
823 2337 926 2371 dedit
973 2337 1168 2378 notitiam,
1222 2341 1259 2367 et
1306 2332 1577 2377 Staphylinum
1620 2337 1817 2375 potentum
1863 2329 2076 2374 appellavit.

529 2408 725 2442 Herbstius
761 2405 934 2452 pluribus
973 2403 1082 2436 annis
1124 2409 1209 2447 post
1247 2400 1349 2433 idem
1382 2400 1449 2433 sub
1490 2398 1647 2432 nomine
1681 2397 1876 2429 Nitidulae
1914 2397 2078 2429 sulcatae

532 2474 736 2520 descripsit.
813 2472 992 2506 Latreille
1026 2471 1068 2503 in
1101 2468 1289 2502 Addendis
1325 2467 1369 2501 ad
1403 2478 1512 2512 opus:
1564 2466 1709 2499 Genera
1744 2465 1973 2498 insectorum
2010 2471 2078 2498 etc.
