2310 3292
1686 352 1757 387 185

210 451 332 484 sulcos
364 450 482 483 obsita
518 457 608 482 sunt
642 448 795 494 punctis
829 448 1038 482 numerosis
1070 448 1192 493 parvis
1227 449 1436 493 impressis,
1478 449 1532 483 ita
1559 457 1602 483 ut
1630 462 1759 485 erenu-

211 519 285 550 lata
317 527 396 549 esse
428 516 635 550 videantur.

311 583 490 616 Sternum
529 583 571 615 in
605 583 643 615 C.
676 577 972 626 purpurascante
1013 589 1050 614 et
1083 589 1232 614 crenato
1268 589 1324 615 est
1355 582 1579 626 quadratum
1613 594 1760 616 excava-

208 657 308 682 tum:
355 650 398 682 in
431 651 469 682 C.
495 649 668 694 fulgente
695 654 823 679 autem
849 647 1113 691 rotundatum,
1163 649 1334 692 planum.

309 716 527 759 Elytrorum
563 715 679 746 latera
717 724 842 746 versus
877 714 985 746 basin
1019 713 1212 758 paulisper
1250 720 1341 745 sunt
1382 722 1579 747 coarctata:
1633 727 1758 749 versus

210 782 356 826 apicem
384 781 553 825 dilatata,
595 780 757 812 formam
783 779 905 825 igitur
932 792 1010 813 non
1036 787 1115 813 tam
1143 780 1345 824 oblongam
1373 790 1485 823 quam
1518 781 1645 825 potius
1680 794 1760 815 ova-

211 851 286 881 lem
314 846 528 880 ostendunt.

647 1042 920 1082 Carabus
983 1043 1327 1082 cai-inatus.

215 1156 293 1187 Car.
322 1160 488 1196 apter-us,
530 1152 655 1197 niger,
697 1157 951 1182 antennarum
979 1149 1138 1181 articulo
1161 1151 1285 1193 primo
1309 1151 1408 1182 rufo:
1449 1151 1576 1194 elytris
1601 1151 1760 1195 cupreis,

267 1220 379 1254 lineis
402 1218 553 1251 elevatis
577 1217 712 1259 tribus,
752 1216 969 1249 interstitiis
996 1215 1203 1261 subglabris
1234 1224 1271 1249 et
1298 1216 1461 1250 seriebus
1488 1218 1762 1261 punctulorum

264 1286 574 1331 oblongulorum,
613 1282 838 1317 tenuissime
866 1284 1095 1316 etex-morum
1129 1283 1298 1329 signatis.

214 1353 368 1386 Habitat
394 1352 436 1385 in
463 1351 645 1385 Helvetia.

314 1437 485 1469 Genevae
517 1447 537 1467 a
571 1433 776 1467 clarissimo
810 1433 958 1476 Jurine,
1012 1433 1119 1474 cujus
1157 1432 1305 1465 obitum
1338 1432 1451 1465 amici
1484 1432 1623 1477 pariter
1650 1440 1761 1476 atque

211 1502 457 1548 Entomologi
482 1500 700 1534 tristissimo
729 1499 855 1531 animo
885 1499 1031 1537 dolent,
1083 1499 1197 1540 liujus
1232 1499 1362 1532 Carabi
1397 1507 1603 1542 utrumque
1637 1499 1763 1543 accepi

215 1582 360 1613 sexum,
404 1569 447 1602 in
475 1567 616 1601 museis
645 1567 711 1599 sub
739 1565 895 1598 nomine
925 1567 962 1598 C.
991 1565 1182 1611 granulati
1210 1565 1382 1609 expositi.
1460 1566 1527 1598 Est
1552 1576 1637 1598 vero
1665 1565 1761 1598 alius

215 1637 393 1679 Coralius,
437 1636 515 1668 Car.
543 1635 740 1680 granulato
762 1633 921 1665 Fabricii
950 1633 1103 1676 quidem
1132 1640 1209 1665 tam
1237 1632 1374 1665 similis
1400 1640 1512 1676 atque
1530 1632 1676 1676 affinis,
1720 1641 1763 1665 ut

214 1715 344 1737 eorum
389 1701 560 1735 confusio
602 1701 786 1734 facillima
826 1700 895 1742 sit3
951 1699 1143 1732 diversitas
1179 1711 1263 1732 vero
1297 1711 1375 1732 non
1405 1700 1530 1732 solum
1566 1699 1609 1732 in
1642 1700 1763 1732 colore

215 1771 340 1804 lateris
370 1768 575 1811 inferioris,
616 1769 657 1800 in
692 1769 731 1801 C.
767 1767 931 1799 carinam
967 1766 1196 1812 nigerrimo,
1235 1767 1276 1799 in
1311 1768 1350 1800 C.
1387 1767 1584 1812 granulato
1612 1774 1761 1799 tantum

218 1838 428 1884 nigricante
457 1838 521 1876 (ut
542 1834 732 1868 Fabricius
762 1846 850 1867 eum
878 1835 1061 1879 appellat)
1091 1833 1273 1878 cernitur,
1323 1833 1386 1867 sed
1413 1833 1695 1866 evidentissime
1722 1833 1763 1865 in

217 1903 422 1949 elytrorum
456 1903 659 1946 sculptura.

316 1971 465 2003 Habent
497 1968 643 2002 scilicet
680 1969 718 2001 C.
746 1967 904 2000 carinssti
938 1968 1143 2011 elytrorum
1173 1967 1377 2000 interstitia
1410 1966 1511 1999 inter
1536 1967 1655 2000 lineas
1684 1968 1765 1999 lon-

218 2037 448 2085 gitudinales
484 2037 640 2069 elevatas
676 2034 914 2079 superficiem
946 2036 1207 2078 peraequalem
1242 2035 1319 2067 sive
1353 2034 1534 2080 glabram:
1583 2045 1624 2066 ea
1652 2033 1764 2066 inter-

216 2106 320 2139 stitia
347 2105 388 2137 in
416 2105 456 2137 C.
482 2103 678 2149 granulato
702 2101 897 2146 punctulis
927 2100 1118 2146 impressis
1145 2109 1181 2134 et
1202 2101 1357 2134 foveolis
1379 2100 1678 2146 perinaequalia,
1716 2111 1763 2133 ne

220 2173 341 2205 dicam
375 2171 518 2213 scabra,
561 2177 664 2202 sunt:
712 2169 804 2201 hinc
841 2169 903 2212 fit,
951 2175 996 2201 ut
1033 2168 1198 2201 nitorem
1232 2179 1414 2213 cupreum
1447 2168 1610 2201 habeant
1642 2168 1763 2200 multo

219 2238 468 2284 insigniorem
496 2237 538 2269 in
565 2237 604 2269 C.
631 2235 796 2269 carinam
825 2246 939 2278 quam
966 2234 1008 2268 in
1029 2236 1120 2279 illo3
1161 2235 1227 2279 qui
1254 2236 1356 2268 nitor
1383 2243 1420 2268 et
1447 2242 1622 2280 augetur,
1666 2234 1764 2277 quod

220 2312 361 2350 puncta
389 2304 610 2349 oblongula,
656 2304 796 2335 elevata
823 2302 923 2335 inter
947 2302 1014 2335 illa
1046 2302 1253 2335 interstitia
1282 2303 1324 2335 in
1351 2301 1514 2335 seriebus
1541 2301 1663 2345 posita
1690 2302 1763 2333 exi-

220 2371 344 2404 mium
371 2370 412 2402 in
437 2369 594 2402 modum
621 2370 768 2402 minora
795 2377 920 2412 sunt,
962 2381 1075 2413 quam
1101 2370 1143 2402 in
1168 2371 1205 2402 C.
1229 2370 1425 2415 granulato
1455 2375 1492 2400 et
1516 2374 1595 2399 tam
1621 2367 1761 2410 tenuia,

223 2446 266 2471 ut
297 2436 411 2471 cultri
446 2435 547 2468 acuti
580 2436 673 2468 aciei
708 2436 941 2480 interruptae
975 2436 1141 2480 speciem
1172 2436 1343 2468 habeant.
1421 2434 1500 2466 Hae
1532 2441 1763 2478 punctorum

227 2506 456 2537 elevatorum
490 2503 599 2536 series
635 2503 675 2535 in
706 2504 745 2535 C.
780 2504 976 2548 granulato
1008 2490 1074 2546 pei·
1100 2509 1219 2534 totam
1245 2501 1356 2545 elytri
1382 2500 1680 2547 longitudinem,
1726 2509 1763 2534 et

1317 2570 1366 2603 24
