2310 3292
1690 335 1760 371 195

311 437 460 470 Thorax
496 443 742 478 transversus,
791 434 938 468 modice
977 435 1160 478 elevatus,
1211 433 1355 479 postice
1388 433 1506 468 foveis
1540 434 1658 469 tribus
1691 435 1760 470 im-

208 503 359 549 pressis:
402 503 572 549 margine
599 501 725 535 antico
753 509 855 535 recta
883 501 986 535 linea
1013 508 1207 545 truncato,
1241 501 1385 547 postico
1409 513 1487 535 non
1508 502 1609 536 nihil
1633 509 1759 536 rotun-

209 572 311 604 dato:
358 569 538 603 lateribus
566 570 608 602 in
635 569 789 602 dentem
820 580 1004 614 magnum
1038 575 1193 601 acutum
1225 567 1434 613 productis,
1481 570 1548 613 qui
1574 582 1640 615 per
1665 569 1760 603 inci-

208 649 334 671 suram
361 648 540 684 magnam
567 635 612 669 ad
638 635 824 681 angulum
850 635 1041 680 posticum
1068 634 1263 668 formatur.
1341 635 1460 680 Supra
1486 644 1581 681 ater,
1616 637 1758 684 glaber:

208 706 340 739 subtus
367 703 531 738 flavido-
547 703 672 736 luteus
700 709 738 736 et
764 701 908 747 postice
934 701 1116 746 utrinque
1143 701 1294 735 lamella
1320 708 1376 734 est
1403 703 1656 749 corniformis,
1696 716 1761 738 seu

208 771 360 817 spinula
386 777 564 815 porrecta.

308 837 436 881 Elytra
463 837 644 883 oblonga,
679 843 774 880 atra,
812 835 953 881 glabra,
990 834 1142 880 punctis
1169 834 1361 881 rugulosis
1390 834 1598 881 impressis,
1632 845 1762 871 sutura

208 903 517 950 marginibusque
543 902 736 949 paulisper
762 901 933 936 elevatis:
970 901 1076 946 apice
1102 902 1327 936 rotundatis.

309 971 421 1005 Pedes
450 971 536 1004 atri:
585 970 800 1004 anticorum
827 969 932 1003 tibiis
960 968 1087 1002 fuscis.

637 1189 820 1231 Silis
879 1187 1346 1230 rubrieollis.

828 1279 908 1308 Tab.
941 1278 996 1308 VI.
1031 1278 1083 1318 fig.
1109 1281 1139 1310 7.

209 1367 243 1400 S.
270 1375 365 1410 atra,
406 1366 605 1399 abdomine
631 1365 754 1409 fulvo,
795 1365 947 1398 thorace
973 1364 1076 1407 rufo,
1118 1363 1353 1396 bifoveolato.

357 1433 371 1459 ἶ)
406 1431 477 1468 Dej.
512 1432 579 1460 Cat.
609 1439 679 1470 pag.
703 1432 754 1462 37.
800 1430 855 1459 Sil.
879 1429 1074 1464 rubricollis,
1110 1438 1150 1457 ex
1171 1428 1344 1457 Dalmatia.

312 1510 370 1541 An
396 1519 434 1540 re
462 1518 544 1539 vera
572 1505 674 1539 idem
701 1506 751 1539 sit
778 1505 988 1549 inmotum,
1028 1503 1128 1549 quod
1165 1503 1250 1537 clar.
1274 1504 1430 1546 Dejean.
1467 1504 1490 1536 l.
1519 1515 1548 1537 c.
1574 1504 1762 1550 produxit,

211 1576 357 1618 nescio,
399 1586 487 1607 cum
510 1573 552 1607 in
573 1573 644 1607 hoc
668 1573 807 1618 scripto
830 1583 972 1606 nomen
995 1572 1120 1605 solum
1145 1570 1350 1605 inveniam.
1420 1572 1612 1605 Insecmm
1634 1584 1764 1606 meum

211 1656 230 1677 e
257 1642 391 1676 Russia
423 1640 664 1674 meridionali
699 1639 846 1685 accepi,
894 1651 912 1672 e
945 1639 1100 1686 regione
1131 1646 1303 1683 respectu
1334 1637 1498 1671 climatis
1527 1650 1547 1672 a
1573 1640 1763 1674 Dalmatia

210 1722 288 1744 non
317 1708 433 1743 nimis
462 1708 613 1742 diversa.

313 1777 461 1810 Statura
502 1783 539 1809 et
577 1774 843 1821 magnitudine
881 1774 1147 1819 praecedentis.
1228 1774 1350 1816 Caput
1385 1780 1527 1817 atrum,
1579 1774 1762 1819 glabrum,

214 1844 400 1887 nitidum,
441 1842 593 1876 lineolis
620 1841 907 1889 irregularibus,
947 1841 1069 1886 parvis
1097 1839 1244 1874 incisis:
1280 1851 1343 1873 ore
1369 1840 1514 1874 flavido.

313 1913 510 1944 Antennae
551 1909 767 1955 aterrimae,
822 1909 1093 1953 holosericeae,
1146 1907 1356 1940 abdominis
1394 1908 1471 1940 fere
1511 1907 1763 1954 longitudine,

213 1981 327 2013 latere
354 1978 534 2011 interiore
561 1984 735 2011 serratae:
777 1976 935 2011 articulo
958 1977 1082 2022 primo
1102 1974 1299 2019 mediocri,
1341 1974 1564 2018 cylindrico:
1599 1975 1762 2008 secundo

213 2046 392 2089 minimo,
440 2045 645 2092 globulari,
688 2044 844 2088 reliquis
872 2044 1016 2090 longis,
1057 2042 1286 2087 aequalibus.

314 2114 464 2147 Thorax
499 2112 972 2157 quadrato-transversus,
1021 2111 1183 2156 corporis
1218 2109 1438 2153 latitudine,
1479 2108 1601 2154 capite
1634 2109 1760 2142 latior:

215 2183 338 2215 antice
363 2189 464 2214 recta
490 2188 706 2224 truncatus,
748 2179 898 2226 angulis
927 2179 1087 2212 obtusis:
1129 2178 1307 2212 lateribus
1333 2176 1475 2223 postice
1495 2176 1680 2221 profunde
1706 2176 1763 2208 in-

215 2249 321 2290 cisis,
362 2248 511 2294 angulis
538 2247 692 2293 posticis
721 2247 859 2291 acutis,
898 2246 1070 2293 margine
1097 2245 1241 2291 postico
1268 2245 1310 2278 in
1337 2244 1462 2277 medio
1489 2243 1622 2276 exciso.
1696 2243 1760 2276 Su-

216 2315 383 2362 perficies
411 2316 552 2361 glabra,
592 2315 729 2359 nitida,
763 2314 879 2348 foveis
908 2315 1049 2348 duabus
1077 2314 1273 2346 oculorum
1300 2311 1564 2357 magnitudine
1592 2310 1636 2343 ad
1664 2309 1761 2343 dorsi

217 2384 330 2417 latera
363 2389 400 2415 et
431 2381 584 2426 punctis
618 2382 814 2427 profundis
843 2382 1034 2427 impressis
1069 2381 1111 2414 in
1140 2381 1237 2413 dorsi
1271 2379 1395 2412 medio
1428 2386 1464 2411 et
1490 2377 1534 2410 ad
1562 2377 1760 2424 margines.

219 2452 328 2485 Color
366 2449 529 2483 thoracis
568 2450 682 2483 rufo·
704 2449 960 2495 ferrugineus,
1014 2448 1204 2481 interdum
1247 2445 1406 2490 quadam
1445 2444 1643 2491 nigredine
1681 2455 1759 2490 per-

219 2521 380 2551 lucente.

1266 2580 1312 2615 25
1355 2575 1367 2591 ²
