2310 3292
1706 316 1775 348 197

232 415 392 452 maculis
420 413 561 447 duabus
589 411 737 458 magnis
766 411 811 445 ad
838 412 952 445 latera
980 422 1000 444 e
1026 410 1117 456 pilis
1144 409 1268 443 densis
1288 409 1380 443 albis
1399 411 1628 456 compositis.
1690 414 1777 447 Seu-

230 485 368 518 tellum
394 480 644 514 albissimum.

330 551 460 593 Elytra
485 549 605 581 fusca:
649 556 749 591 pone
776 545 980 578 scutellum
1006 544 1049 576 in
1076 550 1236 587 utroque
1269 544 1387 588 elytro
1414 546 1563 578 macula
1590 546 1779 591 quadrata,

228 617 479 663 subangulata
512 615 619 647 flava:
665 623 764 656 pone
795 611 893 643 hanc
929 622 1056 643 versus
1090 611 1268 643 humeros
1300 611 1374 643 alia
1400 613 1567 656 macula,
1608 613 1779 659 oblonga,

229 685 409 731 angulata
434 682 527 715 alba,
603 680 738 711 Versus
766 677 913 722 apicem
940 678 1110 710 maculae
1137 677 1232 709 duae
1259 677 1379 720 albae,
1427 678 1605 723 lineares,
1661 681 1775 713 flexae

229 763 295 785 seu
321 747 634 789 semicirculares,
672 752 846 789 apertura
867 744 1081 790 marginem
1103 742 1327 775 exteriorem
1350 743 1555 786 elytrorum
1576 754 1779 790 spectante,

228 816 461 852 convexitate
495 821 652 856 utraque
690 812 735 844 ad
768 818 940 844 suturam
975 815 1153 855 vergente
1192 808 1322 852 ibique
1358 819 1397 841 se
1431 791 1620 855 tangente.
1700 814 1777 845 Hae

227 884 397 918 maculae
424 881 595 914 sinuatae
622 891 642 912 e
668 878 758 923 pilis
786 877 979 920 minimis,
1026 875 1228 909 albissimis
1262 875 1490 920 compositae
1517 884 1617 909 sunt.
1696 880 1781 911 Cae-

227 960 352 985 terum
379 954 589 982 cernuntur
614 946 738 979 lineae
765 952 839 978 tres
866 943 1182 990 longitudinales,
1223 941 1485 986 tenuissimae,
1519 943 1708 976 fuscentes
1738 945 1778 977 in

228 1026 389 1062 utroque
416 1016 545 1059 elytro.

328 1086 527 1117 Ante-unae
554 1088 592 1113 et
618 1080 729 1125 pedes
756 1078 884 1112 flav-idi
911 1079 970 1110 vel
996 1078 1196 1109 fuscentes.

329 1153 376 1184 In
403 1147 674 1194 speciminibus
701 1146 798 1177 bene
825 1142 1050 1176 conservatis
1080 1148 1210 1173 sutura
1236 1140 1327 1184 pilis
1349 1141 1522 1175 minimis
1542 1142 1664 1185 flaviS,
1699 1146 1780 1187 pul·

230 1219 325 1253 veris
352 1218 481 1260 instar,
523 1212 641 1247 obsita
668 1218 734 1245 est.

642 1460 896 1500 Ptinus
954 1457 1367 1497 Lusitanus.

872 1556 952 1585 Tab.
974 1557 1012 1584 v.
1036 1554 1089 1594 fig.
1110 1555 1139 1585 5.

231 1659 287 1691 Pt.
319 1657 521 1701 oblongUS,
574 1652 700 1698 niger,
753 1650 1167 1697 griseo-tomentosus,
1218 1645 1346 1691 elytris
1382 1643 1502 1690 nigris
1536 1645 1659 1678 albido
1693 1647 1779 1679 irro-

281 1723 388 1766 ratis,
440 1722 592 1754 thorace
628 1718 753 1751 medio
795 1717 907 1751 crista
947 1716 1212 1757 canaliculata,
1276 1711 1453 1745 lateribus
1494 1713 1605 1746 dente
1648 1721 1779 1746 erecto.

284 1790 427 1835 (mig.)

379 1855 461 1892 Illig.
498 1852 584 1890 Mag.
616 1850 709 1879 Tom.
735 1851 791 1879 VI.
826 1859 897 1889 pag.
921 1852 972 1882 21.

331 1933 378 1964 In
408 1931 479 1963 hac
513 1927 685 1973 diagnosi
710 1926 834 1959 verba:
876 1924 1024 1969 ’'elytris
1053 1921 1191 1968 nigris”
1236 1926 1383 1952 mutare
1411 1917 1525 1950 velim
1553 1918 1610 1951 in:
1651 1921 1779 1963 elytris

232 1998 430 2041 brunneis,
470 1996 617 2041 apicem
643 2005 768 2027 versus
796 1993 924 2037 paullo
952 1989 1212 2024 lucidioribus.
1287 1985 1420 2017 Verba:
1461 1984 1591 2017 ”crista
1618 1987 1780 2019 thomeis

234 2065 498 2108 canaliculata,
551 2061 731 2096 lateribus
774 2060 885 2092 dente
928 2057 1086 2099 erecto⁷’‚
1139 2052 1288 2087 facilius
1327 2052 1482 2083 fortasse
1516 2051 1782 2099 intelligentur

235 2141 382 2168 mutata
406 2131 449 2164 in
476 2131 582 2162 haec:
626 2128 800 2161 ”thorace
828 2123 1215 2171 quadrituberculato,
1263 2118 1468 2152 tuberculis
1497 2119 1630 2152 mediis
1660 2120 1781 2152 admo-

237 2202 329 2235 dum
355 2197 525 2242 elevatis‚
572 2203 609 2229 et
635 2193 890 2240 proximatis”.
973 2193 1170 2224 Caeterum
1198 2186 1320 2221 videas
1347 2185 1547 2231 Illigerum
1573 2186 1597 2218 Ι.
1626 2198 1656 2218 c.
