2310 3292
1706 342 1780 374 207

336 437 382 469 In
412 434 619 468 Mentissae
652 434 766 467 IIdae
798 433 1126 467 emendationibus
1168 444 1250 478 pag.
1287 436 1369 469 127.
1409 435 1638 469 clarissimus
1670 438 1778 471 Rossi

234 502 395 547 triplici,
442 509 486 534 ut
512 501 612 534 mihi
639 500 802 544 videtur,
849 512 969 533 errore
995 501 1121 545 lapsus
1150 508 1222 543 est3
1262 501 1403 545 primo,
1445 503 1544 545 quod.
1569 503 1778 537 foeminam

233 568 398 603 Onitidis
432 567 579 601 Cliniae
610 578 724 600 suum
757 578 836 599 esse
868 573 978 610 putat
1011 567 1046 599 S.
1085 567 1303 611 irroratum3
1353 568 1516 601 secundo
1551 570 1650 613 quod
1682 571 1781 604 hanc

229 635 438 669 foeminam
478 633 644 667 Onitidis
686 632 833 666 Cliniae
866 632 1056 666 Scarabaei
1088 633 1258 665 furciferi
1290 634 1500 667 foeminam
1539 647 1617 669 esse
1649 644 1778 682 putat3

230 710 267 735 et
294 702 407 735 tertio
434 699 533 744 quod
559 699 768 732 foeminam
794 710 919 732 veram
940 700 982 732 O.
1004 699 1201 731 furciferae
1222 711 1288 742 pro
1316 700 1493 733 varietate
1514 703 1627 736 maris
1655 704 1777 737 habet.

229 767 493 802 Clarissimum
519 765 643 797 virum
670 777 690 797 a
717 776 778 797 me
805 776 883 797 non
910 772 1050 797 temere
1077 765 1319 808 reprehendi,
1361 778 1405 798 ex
1432 767 1492 799 his
1520 770 1728 812 apparebit:

330 832 472 866 Scarab.
498 831 676 864 irroratus
705 831 746 863 in
773 831 947 864 Mantiss.
980 832 1026 863 Ia
1056 831 1205 863 Faunae
1241 831 1317 864 Etr.
1357 832 1381 864 1.
1410 843 1439 865 c.
1483 833 1678 868 ”femora
1705 848 1777 870 an-

225 900 318 933 tica
343 897 736 940 bidenticulata;'’
777 896 820 929 in
847 897 1031 930 Mantissa
1057 897 1146 930 IIda
1172 897 1308 930 habere
1336 906 1507 931 narratur
1533 900 1675 935 tibias
1703 915 1775 936 an-

224 966 342 999 ticas
370 964 648 1005 validiores,
691 964 862 997 femora
889 964 1108 1007 inermia,
1158 964 1347 997 tarsos.'’
1417 966 1622 1001 Manifesto
1651 970 1774 1003 claris-

223 1032 342 1065 simus
387 1032 444 1065 vir
480 1031 522 1063 in
561 1031 621 1063 his
663 1030 755 1063 locis
798 1030 958 1063 diversos
1001 1030 1199 1075 descripsit
1240 1031 1476 1076 Scarabaeos3
1531 1034 1655 1079 priore
1693 1037 1774 1070 loco

221 1098 431 1131 foeminam
473 1109 598 1131 veram
641 1098 682 1131 O.
719 1097 936 1130 furciferae:
990 1097 1194 1141 posteriore
1236 1099 1317 1131 loco
1356 1099 1565 1134 foeminam
1609 1103 1773 1137 Onitidis

225 1164 383 1198 Cliniae.

324 1230 472 1263 Deinde
504 1230 546 1262 in
580 1229 702 1262 Nlant.
729 1227 817 1260 IIda
849 1227 958 1260 verba
984 1228 1103 1261 addit:
1151 1228 1285 1262 ”tibiae
1312 1229 1425 1262 maris
1454 1232 1571 1264 medii
1598 1235 1696 1277 paris
1725 1237 1774 1269 la-

221 1305 300 1330 tere
334 1303 487 1328 externo
521 1295 800 1340 emarginatura
834 1295 1002 1326 notatae”
1040 1314 1092 1318 —
1131 1294 1254 1328 ”furca
1291 1296 1453 1340 pectoris
1492 1298 1682 1333 character
1716 1310 1772 1335 est

219 1363 326 1396 valde
353 1361 595 1395 inconstans⁷'
633 1380 683 1385 —
725 1361 810 1405 ''pro
836 1361 980 1393 lamina
1008 1361 1235 1394 cuneiformi
1268 1361 1310 1394 in
1344 1365 1512 1397 masculo
1546 1367 1771 1412 plerumque

221 1430 311 1463 dens
339 1428 532 1473 simplex.''
610 1427 710 1460 Haec
743 1427 871 1460 omnia
897 1435 988 1460 sunt
1018 1428 1206 1461 foeminae
1234 1429 1399 1462 Onitidis
1428 1431 1626 1465 furciferae
1653 1434 1770 1481 signa.

323 1495 363 1529 Si
397 1495 518 1541 igitur
555 1502 722 1528 exactam
756 1495 871 1536 hujus
907 1495 1045 1527 insecti
1078 1495 1350 1538 Synonymiam
1384 1498 1558 1531 exhibere
1596 1499 1768 1544 velimus,

218 1564 309 1596 haec
337 1561 401 1595 sit:

693 1677 854 1710 Onitis
888 1678 1134 1721 furcifera,
1181 1690 1290 1712 mas:

363 1784 464 1813 Rossi.
493 1782 594 1810 Faun.
619 1782 686 1811 Etr.
712 1782 814 1811 Mant.
839 1784 864 1812 Ι.
894 1793 963 1823 pag.
988 1787 1017 1815 7.
1064 1784 1258 1812 scarabaeus
1282 1784 1424 1812 furcifer.

364 1858 473 1895 Ejusd.
508 1857 609 1885 Mant,
642 1857 683 1885 ΙΙ,
718 1855 866 1896 Append.
904 1868 973 1897 pag.
1001 1862 1070 1891 1527.
1116 1859 1163 1887 Sc.
1195 1859 1343 1893 furcifer,
1385 1858 1441 1886 ubi
1470 1868 1538 1887 mas
1567 1865 1597 1888 et
1623 1861 1765 1889 foemina

456 1914 579 1942 confusi
602 1913 756 1942 videntur.
803 1916 881 1943 Tab.
907 1916 930 1943 I.
960 1916 1012 1955 fig.
1037 1918 1074 1945 A.
1122 1916 1171 1944 Sc.
1195 1917 1355 1944 irroratus.

363 1989 489 2017 Creutz.
521 1997 591 2027 pag.
617 1990 666 2020 75.
713 1989 798 2017 Onit.
829 1990 935 2017 furcis.

361 2063 496 2092 Ahrens.
531 2063 630 2091 Faun.
662 2063 735 2091 fasc.
766 2063 790 2091 Ι.
827 2063 906 2091 Tab.
938 2068 966 2095 2.
1009 2063 1080 2091 icon
1114 2069 1161 2091 est
1196 2064 1307 2092 insecti
1340 2073 1357 2091 a
1387 2063 1486 2091 latere
1514 2064 1666 2093 inferiore
1696 2067 1759 2094 visi.

451 2121 561 2149 Altera
593 2120 708 2159 figura,
756 2131 816 2159 qua
847 2131 948 2160 prope
979 2127 1039 2156 est,
1085 2127 1121 2149 ut
1152 2121 1331 2149 foeminam
1363 2123 1593 2159 repraesentari
1625 2123 1760 2158 credam,

451 2178 566 2206 tibiam
594 2180 732 2207 anticam
761 2180 895 2208 alteram
924 2185 1101 2214 curvatam,
1148 2179 1282 2208 alteram
1310 2186 1430 2208 rectam
1458 2181 1568 2215 habet⁷
1616 2187 1646 2208 et
1674 2183 1761 2209 tarsis

450 2237 603 2264 instructa
627 2246 694 2264 esse
718 2236 856 2266 videtur:
898 2238 959 2266 hac
981 2237 1020 2266 de
1044 2246 1137 2266 causa
1160 2247 1232 2266 eam
1258 2238 1420 2266 foeminae
1443 2240 1503 2268 On.
1529 2239 1651 2267 Cliniae
1674 2248 1760 2267 com-

450 2300 561 2331 petere
592 2294 792 2324 crediderim.

360 2366 506 2396 Germar.
537 2368 612 2396 Iter.
642 2378 712 2408 pag.
739 2373 809 2402 178.
855 2370 956 2398 Onitis
978 2369 1084 2398 furcis.
1130 2368 1237 2408 [Quae
1259 2379 1329 2408 pag.
1352 2371 1420 2400 178.
1455 2367 1493 2396 de
1514 2367 1656 2397 foemina
1678 2367 1759 2397 dicta

449 2432 537 2461 sunt,
573 2427 745 2455 verisimile
768 2434 828 2463 est,
867 2427 906 2456 de
929 2427 1014 2457 Onit.
1041 2427 1165 2455 Cliniae
1185 2427 1329 2456 foemina
1351 2426 1485 2464 valera]

359 2498 519 2529 Schoenh.
551 2500 645 2529 Tom.
671 2501 695 2530 Ι.
726 2510 795 2540 pag.
819 2503 870 2533 30.
916 2501 976 2530 On.
1002 2500 1139 2535 Chnias,
1174 2510 1250 2529 mas.
