2325 3286
488 332 560 365 238

593 431 759 465 Omnino
789 431 845 463 Cr.
873 428 1112 461 trimaculato
1142 425 1183 458 in
1212 425 1384 470 pluribus
1412 425 1580 471 partibus
1609 427 1749 473 affinis,
1782 429 1845 464 sed
1872 430 1967 465 bene
1994 439 2046 465 ta-

494 508 583 531 men
612 498 777 530 diversus
804 503 839 528 et
868 493 1081 527 distinctus,
1158 494 1225 526 Est
1251 500 1393 526 statura
1419 494 1637 539 angustiore
1664 506 1778 538 quam
1804 497 1886 532 ille:
1925 498 2048 532 colore

495 565 700 608 elytrorum
734 563 844 605 flavo,
900 572 964 593 seu
998 560 1312 604 flavo-testaceo,
1365 570 1444 593 non
1478 561 1563 594 rufo
1600 568 1638 595 et
1670 562 1858 608 margine,
1911 567 2047 600 saltem

491 630 653 674 postico,
698 636 734 661 et
761 635 888 661 sutura
924 626 1035 673 nigro
1060 627 1234 661 colorato.

593 696 714 728 Locus
756 707 800 728 ex
839 706 950 740 opere
982 694 1319 742 Laichartingiano
1362 694 1546 741 allegatus
1580 695 1663 728 sine
1701 695 1809 729 omni
1850 695 1963 730 dubio
2002 698 2048 733 ad

491 763 595 795 hunc
625 762 969 807 Cryptocephalum
995 761 1172 806 pertinet.
1239 761 1362 794 Patria
1389 762 1528 796 insecti
1555 770 1591 796 et
1619 762 1727 796 verba
1748 763 2045 810 Laichartingii:

490 827 634 873 ’'niger,
675 829 804 873 elytris
832 828 1066 873 Stramineis,
1108 828 1266 861 maculis
1295 841 1358 862 sex
1385 829 1522 876 nigris,
1564 829 1683 863 tribus
1718 830 1759 863 in
1792 831 1946 877 singulo
1974 833 2048 877 ely-

490 895 585 939 ²'t1·o,
626 907 702 929 una
736 896 781 928 ad
816 897 1003 941 angulum
1036 903 1252 940 externum,
1294 896 1435 930 duabus
1468 896 1551 930 aliis
1585 896 1685 930 intra
1716 897 1888 932 medium
1918 899 1960 932 in
1988 899 2046 933 di-

490 961 676 994 ”rectione
718 961 869 1005 obliqua
906 962 1065 1007 positis⁷'
1121 963 1225 995 hunc
1265 963 1610 1007 Cryptocephalum
1648 963 1794 1008 optime
1833 965 2044 1012 designant.

489 1028 637 1061 Nomen
665 1028 784 1074 igitur
813 1029 870 1062 Cr.
898 1029 1107 1074 imperialis
1136 1029 1171 1061 ei
1198 1028 1479 1062 restituendum
1504 1029 1619 1073 foret,
1660 1030 1736 1063 nisi
1763 1032 1831 1064 sub
1860 1043 1902 1064 eo
1936 1044 1956 1066 a
1982 1034 2047 1067 Fa-

488 1093 605 1127 bricio
642 1096 754 1139 plane
795 1096 891 1129 alius
927 1096 1246 1141 Cryptocephalus
1290 1095 1498 1140 descriptus
1539 1103 1646 1129 esset.
1726 1098 1927 1132 Caeterum
1966 1100 2044 1142 jam

490 1161 619 1207 {lliger
640 1163 681 1195 in
703 1163 803 1208 Mag.
824 1163 930 1196 Tom.
952 1164 1017 1196 ΙΙΙ.
1044 1173 1127 1208 pag.
1152 1164 1234 1198 167.
1263 1170 1300 1196 et
1329 1163 1471 1196 Panzer
1497 1163 1539 1195 in
1567 1163 1682 1196 Faun.
1703 1162 1828 1197 Germ.
1856 1165 1943 1199 fasc.
1961 1168 2044 1202 102.

488 1228 575 1260 Tdb.
605 1231 659 1263 11.
687 1237 935 1273 monuerunt,
978 1230 1107 1262 locum
1135 1241 1154 1261 e
1181 1229 1468 1275 Laichartingio
1501 1230 1661 1263 allatum
1696 1241 1774 1263 non
1808 1231 1853 1265 ad
1889 1233 1947 1266 Cr.
1973 1233 2042 1266 im-

488 1295 668 1339 perialem
698 1296 855 1329 Fabricii
884 1296 1092 1340 pertinere,
1135 1303 1171 1328 et
1201 1296 1242 1328 in
1269 1297 1348 1338 ejus
1377 1296 1526 1341 scriptis
1554 1307 1632 1330 esse
1660 1296 1872 1332 delendum.

863 1509 1324 1564 Cryptocephalus
1369 1511 1661 1567 rugicollis.

1055 1600 1132 1628 Tab.
1160 1601 1229 1628 VH.
1261 1600 1313 1640 fig.
1340 1604 1360 1632 7
1384 1607 1415 1629 et
1438 1604 1465 1633 8.

486 1678 541 1708 Cr.
567 1676 689 1721 niger,
730 1676 882 1708 thorace
909 1676 1078 1721 globoso,
1119 1676 1232 1709 dense
1260 1684 1296 1710 et
1323 1678 1514 1711 subtiliter
1540 1679 1735 1724 rugrssoso,
1777 1679 1905 1722 elytris
1929 1688 2038 1715 testa-

535 1741 608 1774 ceis
638 1743 796 1774 maculis
833 1750 867 1775 et
897 1743 1130 1788 marginibus
1165 1744 1325 1777 summis
1358 1745 1495 1790 nigris:
1542 1743 1667 1777 fronte
1694 1744 1783 1789 pilis
1812 1746 1951 1790 parvis,
1992 1748 2038 1780 ri-

535 1809 644 1854 gidis,
686 1809 779 1841 albis
811 1809 987 1843 micante.

631 1875 752 1903 Olivier
782 1874 912 1914 Encycl.
943 1874 1087 1904 method.
1121 1875 1199 1904 Tab.
1227 1876 1281 1905 VI.
1312 1886 1381 1916 pag.
1408 1879 1478 1909 619.

628 1933 713 1962 Latr.
738 1933 819 1962 Hist.
857 1933 950 1962 Tom.
979 1934 1034 1962 XI.
1066 1943 1135 1972 pag.
1159 1935 1231 1965 364.

631 1993 644 2019 ’ἓ
678 1991 771 2020 Fabr.
806 1991 857 2020 El.
894 1992 967 2020 Pars
996 1992 1036 2021 Π.
1073 2002 1143 2032 pag.
1174 1993 1224 2025 42.
1270 1993 1321 2021 Cr.
1353 1999 1554 2026 sexnotatus3
1600 1992 1673 2021 ibid.
1705 2002 1774 2032 pag.
1801 1993 1849 2024 43.
1898 1995 1947 2025 Cr.
1975 1996 2035 2025 hu-

723 2051 860 2079 merahs.

631 2107 713 2146 Ilhg.
739 2107 822 2147 Mag.
861 2107 954 2136 Tom.
979 2108 1038 2137 III.
1068 2118 1136 2147 pag.
1166 2111 1233 2141 166.

630 2164 791 2194 Schoenh.
825 2165 917 2194 Tom.
945 2167 985 2195 ΙΙ,
1022 2176 1091 2205 pag.
1117 2168 1188 2198 354.
1236 2166 1287 2194 Cr.
1317 2173 1510 2195 sexnotams.

628 2222 699 2260 Dej.
732 2234 802 2264 pag.
830 2228 899 2257 127.
946 2226 996 2254 Cr.
1022 2225 1213 2253 hmnerahs:
1252 2224 1349 2261 ejusd.
1375 2235 1436 2254 var.
1462 2226 1512 2254 Cr.
1538 2231 1692 2253 sexnotat.
1720 2225 1811 2254 Fabr.

480 2281 631 2315 Habitat
660 2282 702 2316 in
723 2284 937 2329 Lusitania,
982 2285 1105 2318 Gallia
1132 2285 1383 2318 meridionali.

580 2365 706 2399 Variat
754 2378 981 2414 magnopere
1026 2380 1184 2402 numero
1233 2376 1270 2401 et
1315 2368 1434 2401 forma
1479 2376 1709 2412 punctorum
1757 2368 1833 2400 sive
1873 2369 2034 2401 macula-

481 2443 565 2465 rum
602 2434 795 2479 nigrarum
837 2435 878 2468 in
921 2435 1061 2481 elytris.
1153 2436 1346 2469 Punctum
1396 2435 1567 2482 nigrum,
1634 2436 1835 2478 callosum,
1902 2436 2032 2468 hume-

477 2500 553 2532 rale
581 2510 775 2543 nunquam
804 2501 924 2536 deest:
975 2503 1171 2537 interdum
1200 2503 1302 2536 adest
1329 2504 1509 2545 alterum,
1553 2514 1669 2548 prope
1695 2504 1918 2547 scutellum,
1962 2514 2029 2536 nec
