2325 3286
475 337 550 370 226

577 435 705 479 Elytra
744 431 929 476 aequalia,
984 427 1137 474 punctis
1180 428 1391 473 impressis,
1441 429 1819 479 luteo-ferruginea,
1880 432 2028 479 apicem

478 513 604 536 versus
633 498 898 546 nigrescentia.

580 568 693 602 Pedes
721 565 942 609 lucidiores,
982 562 1120 609 glabri,
1161 561 1366 595 femoribus
1394 561 1619 597 incrassatis.

893 795 1239 837 Callidium
1298 795 1612 849 barbipes.

479 917 517 949 C.
544 922 688 957 atrum,
728 912 856 957 elytris
885 911 1042 958 glabris,
1084 911 1531 958 testaceo-ferrugineiS,
1573 912 1676 944 luteo
1704 911 1883 956 pilosum.

626 979 698 1014 Dej.
723 979 791 1007 Cat.
827 986 897 1016 pag.
924 980 994 1008 110.
1041 977 1120 1005 Call.
1146 976 1308 1015 barbipes.
1342 977 1441 1006 Dahl.
1488 977 1567 1007 Cau.
1591 977 1769 1016 pubescens
1793 978 1928 1017 Ziegler.

477 1039 632 1074 Habitat
659 1039 701 1071 in
729 1037 907 1081 saxonia,
947 1036 1109 1069 Austria.

577 1121 728 1157 Mediae
754 1122 813 1154 vel
841 1120 1001 1153 minoris
1029 1119 1327 1166 magnitudinis:
1369 1127 1495 1152 totum
1523 1127 1666 1164 atrum,
1707 1120 1797 1165 pilis
1826 1119 1950 1166 longis
1979 1122 2035 1154 lu-

475 1191 565 1234 teis,
620 1190 662 1222 in
700 1190 853 1222 thorace
892 1187 1232 1231 frequentioribus,
1285 1186 1511 1230 pubescens,
1565 1187 1694 1231 elytris
1731 1186 1820 1220 solis
1859 1194 2035 1221 testaceo-

473 1255 714 1303 ferrugineis.

579 1326 702 1367 Caput
728 1320 994 1363 rotundatum,
1028 1320 1155 1353 fronte
1183 1320 1380 1364 impressa:
1420 1326 1608 1352 antennae
1634 1319 1748 1353 maris
1776 1331 1928 1364 corpore
1955 1322 2033 1354 lon-

475 1392 615 1439 giores,
656 1388 846 1421 foeminae
880 1387 1042 1432 corporis
1074 1386 1336 1432 longitudine,
1380 1387 1596 1431 aterrimae,
1637 1386 1936 1431 subhirsutulae,
1978 1390 2034 1421 ul-

475 1458 582 1493 timis
610 1456 780 1490 articulis
808 1455 936 1488 fuscis.
1013 1454 1206 1488 Articulus
1233 1453 1368 1486 basalis
1397 1465 1557 1498 crassus,
1606 1454 1813 1499 oblongus5
1853 1454 1896 1486 in
1924 1455 2034 1487 mari-

473 1527 542 1559 bus
570 1523 774 1566 secundus,
815 1522 949 1555 tertius
978 1529 1015 1554 et
1042 1529 1197 1566 quartus
1225 1520 1399 1564 minimi,
1441 1521 1647 1565 rotundati,
1690 1520 1850 1565 globosi:
1893 1522 2032 1566 reliqui

477 1591 696 1638 cylindrici,
742 1597 893 1632 tenues,
939 1588 1017 1621 illis
1049 1587 1212 1634 globosis
1245 1587 1361 1631 triplo
1388 1587 1591 1633 longiores.
1668 1588 1714 1620 In
1741 1588 1920 1621 foeminis
1947 1589 2033 1622 arti-

475 1659 580 1692 culus
608 1655 874 1690 tantummodo
901 1655 1088 1688 secundus
1116 1654 1272 1698 reliquis
1301 1661 1357 1686 est
1383 1654 1521 1687 minor.

576 1725 725 1758 Thorax
753 1723 944 1769 globosus,
983 1720 1128 1766 postice
1155 1721 1409 1767 marginatus,
1450 1721 1540 1766 pilis
1567 1720 1681 1754 luteis
1708 1720 1878 1754 villosus.

573 1792 704 1835 Elytra
739 1790 899 1835 oblonga
932 1789 1121 1832 aequalia,
1167 1789 1247 1821 basi
1279 1800 1378 1833 pone
1412 1789 1619 1821 scutellum
1655 1795 1692 1821 et
1725 1799 1824 1832 pone
1850 1788 2028 1822 humeros

473 1871 560 1892 cum
587 1857 794 1891 tuberculis
823 1856 967 1889 duobus
995 1857 1226 1902 oblongulis:
1267 1857 1380 1890 lineis
1406 1855 1647 1901 paucioribus
1671 1854 2029 1900 longitudinalibus,

473 1926 645 1969 elevatis,
691 1923 985 1957 subobliteratis:
1034 1923 1233 1968 superficie
1264 1923 1523 1969 irregulariter
1550 1930 1587 1955 et
1613 1922 1806 1955 subtiliter
1837 1932 2029 1969 punctata,

472 1991 900 2038 testaceo-ferruginea.
978 1991 1115 2024 subtus
1143 1999 1280 2033 atrum,
1326 1991 1415 2035 pilis
1444 1990 1644 2023 nonnullis
1671 1990 1869 2024 sericeum.
1945 1992 2029 2037 Seg-

471 2068 689 2094 mentorum
717 2059 907 2104 margines
934 2058 1129 2092 interdum
1154 2058 1265 2092 fusci.

573 2125 687 2160 Pedes
716 2125 787 2157 atri
815 2126 984 2170 undique
1011 2126 1143 2170 pilosi:
1185 2126 1328 2158 femora
1356 2124 1512 2157 clavata:
1558 2124 1650 2157 tarsi
1676 2124 1784 2157 fusci.

574 2192 781 2226 Callidium
815 2193 860 2224 ob
895 2193 1008 2225 maris
1042 2200 1298 2225 antennarum
1332 2199 1561 2225 structuram
1603 2191 1786 2224 notabile:
1836 2191 1876 2224 id
1911 2191 2026 2225 etiam

470 2261 512 2295 in
540 2260 681 2294 museis
709 2259 777 2292 sub
806 2259 963 2292 nomine
993 2259 1147 2292 Callidii
1173 2259 1292 2293 Pruni
1323 2258 1454 2302 reperi.

572 2329 613 2361 A.
648 2327 780 2361 Callid.
813 2327 918 2360 fusco
952 2327 1054 2359 Fabr.
1095 2328 1156 2366 (C.
1183 2334 1356 2359 castaneo
1383 2325 1498 2358 Linn.
1534 2332 1572 2358 et
1597 2324 1727 2368 Payk.)
1769 2326 1882 2371 longe
1910 2325 2026 2360 diver-

470 2405 572 2428 sum:
614 2395 738 2429 multo
765 2393 885 2441 magis
914 2394 1131 2440 depressum
1159 2401 1197 2427 et
1223 2394 1265 2427 in
1291 2393 1463 2439 pluribus
1490 2393 1659 2439 partibus
1688 2392 1923 2426 distinctum.
