2325 3286
512 318 582 352 198

944 408 1165 447 Ptinus
1234 406 1615 462 variegatus

1148 495 1226 525 Tab.
1248 497 1286 525 V.
1311 495 1363 535 fig.
1386 498 1415 528 6.

508 581 564 615 Pt.
593 575 726 620 ovalis,
765 573 928 621 griseus,
966 571 1119 607 thorace
1152 572 1540 617 quadrituberculato:
1589 571 1718 618 elytris
1754 572 1874 619 nigris
1908 574 2059 618 punctis

558 645 600 677 in
627 641 739 684 series
768 639 978 686 impressis,
1022 639 1134 674 lineis
1162 639 1274 684 albis,
1313 640 1520 674 femoribus
1550 640 1657 674 fusco
1684 639 1888 673 annulatis.

654 707 755 736 Rossi.
791 706 894 735 Mam.
920 705 945 734 1.
982 714 1053 744 pag.
1077 708 1128 738 20.
1174 705 1278 745 (mig.
1303 696 1408 744 356.)'

654 765 738 804 Illig.
774 764 860 804 Mag.
895 763 989 792 Tom.
1015 763 1071 792 VI.
1104 773 1174 803 pag.
1199 763 1250 797 24.

656 822 818 853 Schoenh.
853 821 947 851 Tom.
974 821 1017 851 ΙΙ.
1051 830 1121 861 pag.
1149 824 1219 855 107.

653 881 727 919 Dej.
761 891 831 920 pag.
856 880 907 912 41.
951 879 1034 909 Ptin.
1060 886 1199 909 ornatus.
1245 879 1343 909 Dahl.
1367 896 1409 902 —
1430 880 1478 909 Pt.
1502 878 1699 918 pulchellus.
1746 879 1880 920 Ziegler.

504 941 658 976 Habitat
684 941 726 974 in
752 941 878 985 Italia,
917 939 1132 984 Lusitania,
1169 940 1383 986 Hungaria‚
1426 940 1525 973 circa
1551 939 1722 973 Parisios.

606 1023 819 1069 Descriptio
854 1023 1059 1071 Illigerana
1092 1022 1237 1068 optima
1271 1030 1343 1066 est,
1391 1022 1454 1056 cui
1491 1022 1595 1056 nihil
1629 1022 1843 1057 addendum
1880 1022 1980 1056 mihi
2011 1024 2062 1056 vi-

507 1093 624 1126 detur.

606 1159 807 1192 Femorum
839 1156 975 1190 annuli
1006 1156 1123 1200 fusci,
1169 1163 1360 1200 punctum
1393 1155 1647 1202 perexiguum
1680 1164 1719 1189 et
1751 1155 1990 1190 albissimum
2018 1158 2062 1191 ad

508 1227 715 1271 elytrorum
750 1225 872 1270 apices
908 1231 946 1257 et
977 1224 1080 1257 color
1114 1223 1312 1256 aterrimus
1347 1223 1575 1267 elytrorum,
1621 1233 1716 1267 quae
1754 1223 1867 1256 lineis
1902 1225 2062 1258 curvatis

506 1293 598 1327 albis
624 1293 726 1338 picta
751 1299 858 1335 sunt,
899 1291 1004 1323 hunc
1032 1289 1191 1323 Ptinum
1219 1300 1308 1333 prae
1336 1289 1491 1322 caeteris
1519 1289 1714 1336 insignem
1739 1290 1899 1324 faciunt.

607 1360 652 1392 In
680 1357 850 1392 Germari
877 1368 1005 1401 opere:
1047 1356 1227 1403 Elagazin
1254 1363 1323 1389 etc.
1364 1356 1475 1389 Tom.
1502 1356 1563 1389 IV.
1599 1367 1682 1402 pag.
1705 1359 1792 1392 218.
1832 1365 1869 1390 et
1895 1358 1937 1391 in
1968 1360 2062 1401 ejus-

508 1427 593 1460 dem
633 1424 833 1471 Speciebus
872 1425 1108 1457 Insectorum
1154 1435 1236 1470 pag.
1272 1426 1332 1459 78.
1383 1422 1593 1468 descriptus
1637 1431 1693 1456 est
1729 1423 1864 1457 Ptinus
1907 1433 2059 1459 ornatus

506 1493 699 1536 Mueller-i,
743 1492 809 1536 qui
838 1503 925 1525 cum
952 1490 1063 1524 Ptino
1090 1490 1279 1536 variegato
1306 1490 1410 1524 haud
1437 1489 1726 1523 confundendus
1761 1498 1825 1523 est.

907 1695 1108 1735 Tillus
1174 1693 1659 1736 albofasciatus

1127 1785 1207 1814 Tab.
1240 1786 1296 1814 VI.
1331 1786 1383 1825 sig.
1408 1788 1438 1818 3.

508 1864 551 1896 T.
577 1863 701 1909 niger,
744 1862 867 1907 capite
896 1870 930 1894 et
958 1862 1109 1895 thorace
1138 1863 1312 1908 elongato
1338 1863 1448 1906 rufis,
1498 1863 1627 1907 elytris
1656 1862 1813 1909 glabris,
1864 1865 2059 1909 aterrimis,

558 1929 672 1963 fascia
698 1929 821 1962 media
855 1929 1059 1962 albissima.

508 1998 625 2041 Prope
652 1995 834 2028 Neuwied
861 1996 905 2028 ad
933 1996 1054 2040 ripam
1085 1995 1212 2029 Rheni
1241 1996 1408 2029 dextram
1436 2003 1566 2041 captus
1595 2005 1661 2030 est.

608 2079 758 2112 Pictura
786 2087 823 2112 et
850 2087 991 2113 statura
1018 2079 1135 2114 Cleris
1163 2091 1229 2125 per
1256 2079 1400 2124 affinis,
1448 2092 1467 2113 a
1496 2081 1632 2124 quibus
1665 2088 1853 2115 structura
1880 2090 2060 2118 antenna-

509 2158 593 2179 rum
626 2145 762 2179 differt.

610 2211 738 2245 Tertia
765 2220 869 2256 parte
897 2213 998 2246 Tillo
1026 2212 1250 2247 unifasciato
1278 2214 1378 2248 Latr.
1409 2216 1540 2255 (Clero
1568 2214 1725 2248 unifasc.
1754 2216 1878 2257 Fabr.)
1910 2219 2060 2265 longior

509 2288 547 2313 et
572 2279 695 2313 latior.
772 2278 981 2324 Abdomen,
1022 2288 1170 2324 pectus,
1211 2281 1329 2325 elytra
1356 2281 1542 2326 pedesque
1569 2281 1695 2327 nigra,
1739 2284 1882 2329 glabra,
1927 2286 2059 2319 nitida.

612 2347 734 2390 Caput
759 2345 880 2387 majus
909 2357 1021 2389 quam
1047 2347 1088 2379 in
1110 2346 1267 2391 reliquis
1292 2348 1512 2392 coleopteris
1535 2349 1650 2391 hujus
1670 2349 1853 2395 familiae,
1893 2352 2058 2397 globoso-
2096 2394 2099 2397 Ι

512 2411 750 2456 quadratum,
805 2412 930 2446 amice
960 2414 1089 2457 paullo
1124 2413 1238 2447 latius
1274 2422 1311 2447 et
1343 2415 1551 2461 nigricans,
1604 2416 1748 2460 postice
1786 2429 1874 2451 cum
1907 2419 2058 2453 thorace

512 2478 655 2521 rufum,
698 2479 850 2522 punctis
878 2480 999 2523 parvis
1027 2480 1218 2525 impressis
1246 2488 1283 2514 et
1309 2481 1398 2526 pilis
1426 2482 1599 2515 minimis
1628 2485 1749 2517 aureis
1774 2495 1953 2529 sparsum.
