2310 3292
1760 319 1834 353 243

385 415 683 460 Cryptocephalo
711 415 845 448 vittato
873 415 975 448 Fabr.
1003 416 1126 449 multo
1155 423 1191 449 et
1217 416 1295 449 fere
1323 416 1438 460 duplo
1466 415 1608 459 minor,
1645 425 1833 450 caeterum

278 484 314 516 ei
336 495 402 527 per
427 482 554 516 affinis
580 490 617 515 et
635 481 776 515 statura
805 490 842 515 et
869 483 1147 526 elytrorumque
1175 482 1343 527 pictura,
1378 483 1500 527 capite
1526 494 1609 516 vero
1636 484 1832 517 flavo-ma-

278 550 402 583 culato
432 557 468 582 et
495 549 652 594 pedibus
681 549 1023 582 rubescenti-flavis
1051 549 1307 594 maximopere
1335 550 1537 582 distinctus
1564 557 1600 582 et
1629 549 1805 583 diversus.

376 617 610 650 Punctorum
640 617 682 649 in
715 615 842 659 elytris
878 615 1150 661 impressorum
1182 616 1294 649 striae
1328 617 1382 649 ita
1416 617 1695 661 approximatae
1728 624 1829 661 sunt,

275 691 317 716 ut
352 682 393 716 in
428 683 543 716 vittae
584 683 815 716 abbreviatae
848 683 968 728 spatio
1004 694 1134 716 earum
1174 691 1335 727 quatuor
1366 684 1509 729 positae
1543 683 1638 717 sint:
1686 692 1828 729 puncta

272 750 362 783 haec
390 750 470 794 ipsa
497 750 606 795 nigra
637 758 738 784 sunt.

373 817 475 849 Vitta
504 817 710 849 abbreviata
739 817 831 849 flava
859 816 899 848 in
927 815 1090 861 singulis
1119 816 1247 860 elytris
1275 816 1320 848 ad
1347 815 1453 849 basin
1478 825 1533 850 est
1555 818 1676 860 latior,
1713 830 1825 861 quam

270 883 415 927 apicem
443 894 588 926 versus,
632 891 668 916 et
703 883 756 916 sic
790 882 1102 929 subtriangularis
1135 884 1212 917 sive
1247 884 1493 917 cuneiformis
1531 883 1746 929 [cuspidata
1774 897 1825 918 se-

269 950 438 983 cundum
465 948 666 995 Rossium]
697 949 875 994 adpellari
901 957 1036 994 potest.

369 1018 520 1050 Thorax
547 1024 602 1050 est
629 1017 803 1063 globosus
832 1023 869 1049 et
896 1016 1162 1062 glaberrimus,
1205 1025 1249 1051 ut
1276 1018 1317 1051 in
1346 1020 1385 1052 C.
1411 1018 1557 1052 vittam.

366 1085 710 1129 Cryptocephalum
736 1095 966 1131 pygmaeum
993 1085 1095 1117 Fabr.
1124 1084 1230 1129 [Ent.
1257 1087 1300 1119 T.
1320 1087 1347 1120 Ι,
1372 1087 1411 1119 Ρ.
1433 1087 1479 1120 Π.
1506 1097 1541 1130 p.
1566 1088 1625 1121 70.
1654 1087 1720 1120 No.
1738 1086 1819 1132 89.]

265 1151 341 1184 huc
370 1162 446 1184 non
475 1151 663 1196 pertinere
689 1151 788 1183 infra
813 1150 984 1195 pluribus
1012 1151 1219 1184 ostendam.

366 1218 454 1252 Vidi
492 1218 563 1251 hoc
603 1217 794 1251 insectum
828 1217 871 1250 in
904 1218 1044 1251 museis
1079 1217 1195 1251 etiam
1236 1218 1303 1250 sub
1344 1218 1503 1252 nomine
1545 1221 1602 1252 Cr.
1642 1221 1817 1254 WVawarii

266 1285 422 1329 (Koyi)3
479 1286 536 1318 Cr.
563 1284 741 1329 connexi,
791 1284 990 1331 (Illigeri.)

625 1473 1087 1528 Cryptocephalus
1133 1473 1447 1514 tessellatus.

866 1563 945 1593 Tab.
971 1564 1060 1593 vm.
1096 1562 1148 1602 fig.
1174 1566 1202 1595 7.

259 1641 315 1674 Cr.
352 1640 476 1687 niger,
526 1642 677 1674 thorace
711 1640 940 1685 cylindriCO,
990 1640 1114 1673 antice
1150 1647 1186 1673 et
1223 1639 1266 1672 ad
1301 1640 1416 1672 latera
1451 1639 1676 1672 tenuissime
1704 1641 1812 1673 flavo-

306 1708 535 1754 marginato:
578 1709 785 1751 elytrorum
813 1708 984 1753 margine
1017 1715 1096 1740 toto
1124 1708 1216 1740 ssavo
1252 1715 1289 1740 et
1319 1707 1358 1740 in
1387 1707 1550 1753 singulis
1579 1707 1706 1750 elytris
1735 1720 1811 1740 ma-

305 1776 390 1808 cula
418 1775 595 1818 quadrata
623 1776 731 1808 flava:
766 1774 923 1818 pedibus
950 1774 1064 1807 flavis.

403 1841 514 1869 Germ.
541 1841 625 1880 Mag.
657 1840 751 1868 Tom.
777 1840 801 1868 I.
836 1850 905 1879 pag.
934 1842 1003 1871 128.

402 1900 557 1928 Creutzer
582 1900 615 1927 in
637 1899 697 1928 litt.
743 1899 793 1927 Cr.
819 1899 1031 1937 elegantulus.

251 1957 405 1991 Habitat
432 1958 473 1991 in
501 1959 667 2002 Austria,
707 1959 882 2002 Saxonia‚
925 1958 1066 1992 Silesia.

351 2026 538 2059 Omnium
564 2026 674 2059 facile
702 2026 900 2058 minimus.
961 2026 1014 2058 Ab
1043 2023 1219 2058 affinibus
1247 2023 1410 2057 thoracis
1437 2023 1557 2057 forma
1585 2024 1799 2068 cylindrica,

252 2104 325 2125 non
355 2093 552 2139 globulari,
591 2094 672 2138 ipso
700 2094 852 2126 thorace
880 2092 1012 2125 leviter
1038 2093 1283 2137 punctulatO,
1328 2092 1391 2124 sed
1418 2092 1527 2125 nullo
1548 2091 1659 2124 modo
1686 2102 1798 2137 rugu-

248 2160 343 2203 loso,
380 2168 417 2193 et
445 2161 653 2204 elytrorum
680 2160 828 2205 pictura
854 2160 1111 2205 perconstanti
1139 2159 1443 2205 distinguendus.

349 2227 403 2260 Cl.
429 2228 573 2269 Dejean
608 2239 689 2274 pag.
719 2231 802 2263 128.
837 2228 957 2273 operis
985 2227 1131 2260 laudati
1158 2229 1216 2260 Cr.
1243 2228 1508 2273 elongatulum
1536 2224 1710 2269 Olivieri3
1755 2227 1792 2258 C.

249 2295 512 2340 elegantulum
538 2295 721 2341 BTegerlei
754 2303 791 2329 et
827 2297 890 2329 Cr.
911 2296 1146 2328 tessellatum
1174 2294 1333 2327 Sturmii
1360 2302 1539 2337 tanquam
1567 2303 1794 2336 synonymos

247 2361 291 2394 ad
314 2363 371 2395 Cr.
388 2361 617 2395 bilineatum
643 2363 770 2396 refert:
812 2362 879 2407 qui
907 2374 991 2395 vero
1020 2362 1052 2395 si
1079 2373 1104 2395 a.
1121 2364 1179 2395 Cr.
1199 2363 1387 2395 tessellato
1409 2368 1535 2393 nostro
1557 2371 1634 2393 non
1657 2361 1793 2394 diversi

244 2435 350 2472 sunt,
389 2429 487 2473 quod
516 2429 626 2462 facile
654 2429 893 2472 crediderim,
932 2430 1040 2462 nullo
1068 2429 1178 2462 modo
1211 2429 1257 2462 ad
1285 2430 1342 2462 Cr.
1370 2428 1599 2461 bilineatum
1626 2437 1714 2462 sunt
1742 2440 1793 2462 re-

243 2496 398 2530 ferendi.

1293 2554 1352 2598 31*
1383 2559 1395 2576 ²
