2310 3292
1707 357 1780 390 233

658 446 1067 502 Chrysomela
1135 461 1361 504 grossa.

231 561 317 594 Chr.
347 572 495 605 cyanea,
537 561 669 602 nitida,
713 563 841 606 elytris
871 563 971 605 rufis,
1007 564 1194 607 profundo
1222 565 1426 609 punctatis‚
1465 565 1628 599 thoracis
1656 567 1778 600 lateri-

275 628 344 661 bus
372 628 597 672 incrassatis,
637 630 787 674 angulis
814 630 948 662 amicis
977 630 1123 663 modice
1150 631 1352 675 productis.

378 710 470 738 Fabr.
495 710 569 738 Ent.
604 709 698 738 Tom.
724 709 748 739 I.
779 720 849 751 pag.
874 713 945 742 317.

374 766 482 804 Ejusd.
507 766 556 794 El.
590 776 659 806 pag.
683 768 755 799 434.

372 823 533 853 Schoenh.
563 824 657 853 Tom.
683 826 724 854 ΙΙ.
755 835 824 863 pag.
850 826 922 856 351.

371 881 516 918 Coqueb.
540 882 618 910 Dec.
644 883 702 911 ΙΙΙ.
732 892 801 922 pag.
829 884 897 914 123.
934 881 1013 910 Tab.
1038 884 1088 914 28.
1120 882 1170 922 fig.
1196 885 1224 914 3.

371 939 442 976 Dej.
478 949 546 979 pag.
574 945 642 973 122.
679 947 710 969 et
733 950 790 979 pro
814 950 1004 979 synonyma:
1040 940 1116 969 Chr.
1143 941 1367 969 thloromaura
1392 941 1522 980 [nigei-1.

222 1013 376 1048 Habitat
410 1015 450 1048 in
478 1016 596 1049 Italia.

646 1180 1058 1234 Chrysomela
1118 1179 1346 1221 lucida.

226 1306 312 1339 Chr.
340 1305 519 1345 violacea,
560 1306 689 1349 elytris
717 1306 825 1349 rufis,
874 1304 1054 1350 globosis,
1098 1305 1355 1348 subovalibus,
1403 1305 1535 1339 leviter
1570 1308 1772 1352 punctalis:

271 1372 434 1406 thoracis
467 1372 646 1405 lateribus
681 1384 759 1406 non
795 1371 1025 1413 incrassatis,
1080 1372 1230 1417 angulis
1265 1373 1400 1406 anticis
1436 1373 1644 1417 subacutis,
1692 1387 1774 1419 pro-

273 1440 407 1473 ductis.

370 1522 441 1557 Dej.
473 1529 542 1559 pag.
570 1523 638 1552 122.
685 1520 719 1548 C.
745 1520 850 1548 lucida
872 1520 983 1548 Dahlii
1007 1526 1038 1548 et
1061 1520 1213 1549 Olivieri?

222 1596 375 1630 Habitat
407 1596 448 1628 in
483 1595 592 1629 Italia
628 1596 809 1629 inferiori.
888 1596 970 1637 (Ad
1002 1597 1145 1640 templa
1181 1596 1443 1640 antiquissima
1479 1597 1699 1630 Posidoniae
1733 1599 1771 1631 in

270 1663 453 1705 Calabria,
499 1663 697 1696 Decembri
726 1674 873 1703 mense,
916 1675 933 1694 a
964 1674 1022 1695 me
1051 1666 1189 1707 capta.)

603 1829 951 1883 Clirysomcla
995 1828 1385 1869 ‘chloromauren

223 1955 308 1987 Chr.
336 1963 428 1998 atra,
472 1954 608 1995 nitida,
649 1967 848 1999 perparum
876 1954 915 1986 in
946 1953 1153 1987 violaceum
1182 1966 1350 2002 vergens,
1392 1957 1520 2000 elytris
1548 1957 1770 1989 rufo-testa-

270 2021 361 2062 ceis,
404 2022 584 2067 globosis,
625 2022 901 2067 subelongatis,
942 2022 1191 2055 subtilissime
1226 2023 1437 2067 punctatis,
1485 2024 1646 2056 thoracis
1682 2024 1771 2056 late-

270 2087 371 2120 ribus
400 2099 476 2121 non
506 2089 735 2131 incrassatis,
773 2089 922 2135 angulis
951 2089 1087 2121 antici<
1117 2089 1269 2122 obtusis.

368 2171 478 2210 Iliiger
500 2172 532 2199 in
554 2171 665 2199 litteris
696 2177 726 2199 et
748 2172 781 2199 in
803 2181 914 2200 museo
938 2171 1145 2200 Berolinensi.

368 2229 438 2264 Dej.
469 2238 537 2267 pag.
566 2232 633 2261 122.
669 2228 706 2256 ad
730 2229 805 2258 Chr.
831 2239 979 2269 grossam.

222 2303 374 2337 Habitat
402 2304 442 2336 in
464 2304 671 2337 Lusitania.

322 2388 400 2420 Hae
428 2395 500 2420 tres
529 2388 792 2431 Chrysomelae
819 2388 1024 2422 maximam
1058 2389 1157 2421 inter
1191 2401 1227 2422 se
1260 2390 1399 2423 habent
1426 2390 1674 2433 affinitatem3
1715 2404 1769 2424 ac-

226 2462 351 2488 curata
392 2454 510 2500 igitur
546 2462 582 2486 et
618 2462 716 2487 certa
756 2455 943 2500 diagnosis
977 2455 1208 2488 difficillima
1244 2464 1307 2489 est.
1387 2457 1603 2490 Accuratior
1642 2469 1767 2491 earum

224 2521 423 2566 descriptio
452 2521 705 2553 differentiam
734 2521 870 2553 melius
899 2521 1179 2554 demonstrabit.

1322 2593 1370 2625 30
