2325 3286
534 295 607 330 204

909 379 1271 437 Hydrophilus
1317 376 1702 432 signaticolliS.

1099 470 1206 509 (Meg.
1232 468 1270 496 de
1295 464 1514 503 Muehlfeld.)

537 574 583 607 H.
610 571 739 605 subtus
767 566 889 612 niger,
928 563 1085 609 pedibus
1114 561 1366 605 antennisque
1393 557 1581 593 testaceis:
1623 556 1745 602 capite
1772 568 1933 602 superne
1955 569 2081 602 aeneo,

586 639 736 671 thorace
770 635 873 667 luteo
908 643 996 664 cum
1026 630 1174 664 macula
1207 628 1343 662 dorsali
1371 628 1548 672 oblonga,
1581 625 1852 671 nigro-aenea,
1894 624 2082 670 virgulam

586 706 730 738 luteam
758 699 994 733 includente:
1037 697 1165 741 elytris
1192 693 1543 741 punctato-striatis
1570 692 1723 736 luridis,
1765 699 1843 724 atro
1871 692 2082 725 maculatis.

685 767 758 804 Dej.
782 767 849 795 Cat.
879 774 948 803 pag.
973 765 1024 795 51.

538 829 693 863 Habitat
720 827 761 859 in
787 824 953 866 Austria,
996 822 1138 855 Silesia.

641 911 788 944 Statura
814 905 1049 951 Hydrophilo
1076 904 1227 949 spinoso
1249 902 1500 937 Schoenherri
1526 900 1769 944 simillimus,
1808 899 1937 945 paullo
1957 906 2085 931 tamen

540 979 675 1019 major:
723 974 872 1018 pictura
897 972 1132 1015 Hydrophilo
1160 970 1284 1002 lurido
1311 969 1461 1001 similis.

639 1041 778 1074 Differt
810 1039 852 1071 ab
885 1039 956 1070 hoc
990 1036 1257 1083 magnitudine
1291 1035 1492 1080 ampliore,
1532 1040 1676 1067 statura
1700 1032 1873 1079 longiore
1901 1040 1938 1066 et
1965 1033 2085 1078 magis

539 1109 689 1156 globosa
722 1118 787 1139 seu
814 1107 964 1138 elevata.

641 1175 763 1218 Caput
798 1172 840 1204 in
878 1178 1038 1218 utroque
1077 1181 1256 1212 aeneum,
1297 1169 1482 1202 nitidum:
1535 1167 1577 1200 in
1611 1167 1657 1200 H.
1691 1165 1924 1212 signaticolli
1964 1165 2087 1197 multo

541 1243 668 1276 minus
697 1247 734 1273 et
760 1238 936 1272 subtilius
964 1244 1213 1282 punctatum,
1254 1236 1412 1279 ideoque
1439 1235 1562 1267 multo
1590 1232 1767 1280 glabrius.

641 1309 790 1341 Thorax
828 1305 970 1350 postice
1011 1304 1134 1336 multo
1174 1303 1303 1346 latior,
1356 1302 1475 1347 magis
1516 1307 1657 1344 rectus,
1709 1299 1811 1332 haud
1850 1298 2088 1341 rotundams,

543 1375 662 1420 qualis
700 1381 755 1407 est
797 1373 839 1406 in
878 1373 925 1406 H.
964 1371 1099 1404 lurido.
1177 1370 1329 1403 Macula
1364 1367 1527 1401 thoracis
1564 1366 1658 1400 disci
1697 1365 1739 1399 in
1772 1373 1931 1409 utraque
1964 1365 2087 1410 specie

544 1453 674 1476 aenea:
723 1440 764 1472 in
796 1441 843 1473 H.
884 1437 1009 1472 lurido
1045 1436 1256 1483 marginem
1294 1436 1456 1469 thoracis
1495 1434 1686 1478 posticum
1725 1440 1903 1478 tangens:
1959 1431 2000 1464 in
2039 1432 2087 1466 H.

544 1509 639 1554 sign.
673 1518 692 1539 a
726 1506 896 1551 margine
931 1503 1056 1536 antico
1087 1511 1125 1536 et
1156 1503 1302 1548 postico
1335 1503 1495 1544 distan53
1536 1501 1579 1533 in
1612 1500 1657 1532 H.
1693 1499 1818 1532 lurido
1854 1506 1910 1531 est
1939 1510 2088 1544 magna,

545 1573 706 1609 thoracis
741 1571 938 1605 dimidiam
972 1581 1151 1613 aequans,
1199 1568 1475 1612 quadrilobata,
1521 1567 1563 1599 in
1590 1565 1714 1598 medio
1741 1565 1932 1597 unicolor:
1975 1566 2015 1597 in
2043 1566 2088 1598 H.

545 1643 640 1687 sign.
670 1646 725 1671 est
751 1650 878 1683 parva,
920 1637 1097 1681 oblonga,
1136 1635 1319 1668 lineolam
1345 1635 1478 1666 flavam
1507 1632 1717 1665 includens

647 1706 757 1739 Color
789 1712 825 1737 et
858 1704 1052 1748 sculptura
1084 1703 1290 1745 elytrorum
1325 1700 1367 1733 in
1401 1708 1558 1745 utraque
1591 1699 1714 1744 specie
1749 1697 1877 1731 eadem
1905 1697 1995 1730 fere:
2048 1698 2087 1729 iu

546 1775 591 1808 H.
618 1771 849 1819 signaticolli
875 1782 959 1803 vero
987 1771 1105 1814 elytra
1131 1774 1222 1800 sunt
1249 1767 1442 1813 glabriora.

999 1999 1210 2040 Onitis
1283 1997 1636 2039 Furcifera.

549 2119 618 2152 On.
652 2125 746 2159 atra,
796 2116 918 2161 clypei
951 2116 1122 2163 margine
1156 2106 1282 2148 antico
1317 2114 1457 2158 exciso,
1509 2115 1586 2148 fere
1618 2112 1827 2146 bidentato:
1880 2109 1922 2143 in
1956 2108 2093 2142 vertice

600 2184 702 2218 linea
730 2184 872 2217 elevata
898 2191 1104 2217 transversa
1131 2184 1237 2226 juxta
1264 2183 1391 2216 oculos
1419 2182 1463 2215 ad
1491 2181 1613 2226 clypei
1644 2181 1761 2214 latera
1788 2184 1978 2224 vergente:
2021 2175 2095 2209 alia

597 2250 761 2284 breviore
788 2250 1013 2295 anteposita,
1066 2251 1216 2284 thorace
1250 2249 1461 2292 unicolore,
1514 2255 1712 2293 punctato,
1764 2244 1916 2278 fossulis
1952 2243 2092 2276 duabus

597 2317 717 2362 parvis
750 2317 795 2350 ad
828 2319 1031 2351 scutellum
1070 2325 1107 2351 et
1145 2317 1287 2350 duabus
1324 2315 1546 2359 majoribus,
1598 2313 1831 2360 planioribus
1874 2311 1919 2345 ad
1957 2311 2091 2353 latera3

600 2383 726 2427 elytris
766 2383 1106 2428 striato-sulcatis,
1156 2384 1197 2417 in
1238 2396 1340 2418 mare
1373 2383 1462 2417 totis
1498 2382 1605 2427 atris,
1656 2381 1698 2414 in
1720 2379 1897 2428 *foemina
1930 2376 2090 2411 maculis

598 2449 767 2482 testaceis
794 2450 970 2485 irroratis.
