2325 3286
513 337 587 370 228

613 432 839 467 Dis-ferentia
857 440 965 464 sexus
987 435 1092 461 tanta
1113 435 1184 470 est,
1219 433 1263 459 ut
1289 427 1499 471 specimina
1525 428 1724 472 utriusque
1752 441 1862 463 sexus
1891 442 1969 464 non
1997 443 2064 476 pro

512 513 614 534 mare
655 508 691 533 et
726 498 892 531 foemina
928 496 1162 537 habuissem,
1215 493 1292 526 nisi
1334 493 1381 527 iis
1422 495 1465 527 ab
1504 494 1701 528 inventore
1739 497 1919 531 schedula
1954 499 2067 532 affixa

511 568 660 609 fuisset,
701 576 795 608 quae
822 564 892 595 hac
920 562 965 594 de
992 573 1031 595 re
1058 573 1119 594 me
1147 561 1346 594 certiorem
1378 561 1528 595 faceret.

611 633 693 666 Mas
729 630 875 664 mediae
912 627 1208 674 magnitudinis,
1261 629 1467 672 Lepturam
1507 635 1626 660 atram
1668 639 1842 672 aequans.
1922 632 2065 677 Corpus

511 700 686 746 nigrum,
739 698 884 740 nitens,
937 696 1027 740 pilis
1061 695 1182 740 parvis
1221 706 1310 727 auro
1344 695 1556 728 nitentibus
1595 706 1785 740 sparsum,
1840 703 1877 729 et
1914 700 2068 741 punctis

510 767 632 812 parvis
660 764 900 810 paucioribus
928 763 1132 808 impressis.

614 835 737 878 Caput
764 843 853 865 cum
879 831 1031 864 thorace
1058 830 1215 876 nigrum
1241 829 1395 874 punctis
1423 829 1616 874 impressis
1649 830 1839 875 scabrum,
1887 832 2070 866 nonnihil

511 902 693 946 pilosum.

611 968 761 999 Thorax
788 965 981 1010 globosus,
1017 963 1141 996 antice
1169 970 1395 1006 coarctatus,
1430 963 1574 1007 postice
1601 964 1858 1008 subspinosus.
1929 966 2072 1000 Scutel-

510 1036 593 1068 lum
620 1043 796 1077 parvum,
840 1038 976 1063 atrum.

612 1100 742 1143 Elytra
774 1106 1100 1142 atro-purpurea,
1149 1097 1255 1142 apice
1290 1103 1479 1139 truncata,
1527 1096 1700 1143 margine
1734 1105 1771 1130 et
1803 1106 1933 1131 sutura
1965 1101 2070 1143 paul-

510 1168 593 1201 lum
629 1168 790 1209 elevata3
839 1164 994 1209 punctis
1029 1163 1161 1197 multis
1198 1164 1408 1208 impressiS,
1457 1163 1498 1195 in
1531 1163 1667 1207 quibus
1703 1164 1865 1210 singulis
1900 1173 1978 1198 seta
2013 1173 2069 1199 est

510 1246 637 1279 parva,
679 1241 767 1276 atra,
809 1232 1012 1274 inclinata,
1055 1232 1099 1265 ad
1127 1232 1274 1276 apicem
1302 1230 1413 1275 elytri
1440 1237 1624 1274 spectans.
1694 1231 1806 1264 Pedes
1834 1232 1916 1265 atri.

613 1300 793 1334 Foemina
820 1310 922 1332 mare
948 1299 1083 1341 major,
1124 1298 1255 1340 Iatioi-5
1289 1297 1500 1330 abdominis
1523 1305 1719 1343 segmenta
1741 1299 1910 1343 quinque
1931 1299 2069 1333 ultima

512 1368 632 1401 rubra.
710 1368 839 1410 Elytra
881 1367 978 1398 laete
1011 1364 1185 1397 coccinea
1218 1366 1278 1397 vel
1316 1364 1517 1397 miniacea:
1571 1365 1701 1397 eadem
1740 1373 1851 1409 atque
1888 1367 1930 1399 in
1968 1379 2070 1400 mare

514 1433 711 1468 structura.
794 1433 899 1466 Setae
927 1433 969 1465 in
996 1432 1150 1477 punctis
1178 1431 1370 1476 impressis
1398 1431 1542 1476 positae
1569 1432 1674 1465 aurei
1701 1440 1792 1465 sunt
1820 1434 1972 1477 coloris,
2015 1434 2070 1467 ita

517 1509 560 1534 ut
587 1509 687 1534 certo
715 1501 793 1533 situ
819 1500 893 1533 toti
920 1501 1039 1544 elytro
1066 1501 1232 1532 nitorem
1259 1499 1460 1543 praebeant
1486 1511 1654 1534 aureum.
1732 1501 1836 1544 Apex
1863 1501 2070 1545 elytrorum

516 1576 595 1601 ater
622 1575 659 1600 et
685 1568 833 1600 macula
860 1578 997 1611 magna
1023 1567 1223 1599 rotundata
1250 1573 1328 1598 atra
1353 1565 1394 1597 in
1422 1566 1621 1610 utriusque
1653 1567 1764 1610 elytri
1797 1568 1940 1607 medio,
1990 1568 2070 1600 basi

517 1643 646 1668 tamen
678 1634 830 1678 propior
864 1644 977 1677 quam
1011 1633 1121 1677 apici.
1200 1634 1355 1666 Femora
1389 1632 1580 1676 tibiaeque
1612 1634 1710 1666 laete
1741 1635 1870 1678 rubra,
1915 1636 1956 1667 in
1990 1636 2070 1669 basi

517 1701 696 1747 apiceque
723 1701 848 1747 nigra:
889 1700 980 1733 tarsi
1006 1700 1118 1747 nigri.

947 1922 1218 1976 Leptura
1277 1922 1645 1977 stragulata.

1085 2011 1164 2040 Tab.
1190 2011 1246 2040 IX.
1281 2010 1334 2050 fig.
1358 2014 1388 2043 7.
1411 2015 1440 2044 8.
1465 2015 1495 2043 9.

519 2105 560 2138 L.
588 2111 753 2149 pectore,
791 2105 939 2137 thorace
967 2104 1164 2149 capiteque
1196 2105 1334 2151 nigris:
1378 2104 1507 2151 elytris
1542 2105 1878 2149 testaceo-luteis,
1922 2106 1966 2139 ad
1995 2107 2071 2151 api-

570 2182 652 2204 cem
679 2179 715 2204 et
743 2171 787 2204 ad
814 2179 983 2204 suturam
1015 2172 1146 2220 nigris.

668 2236 778 2275 Illiger
798 2238 832 2265 in
854 2238 975 2266 litteris.

671 2294 808 2323 Germar
829 2296 892 2324 Ins.
927 2306 996 2335 pag.
1020 2296 1092 2329 523.

521 2353 674 2386 Habitat
707 2354 748 2386 in
783 2355 991 2388 Lusitania.

627 2438 823 2484 Diagnosis
858 2439 972 2480 hujus
1008 2439 1195 2483 Lepturae
1229 2439 1460 2473 difficillima
1488 2446 1561 2483 est,
1610 2451 1733 2484 neque
1761 2439 1803 2473 in
1831 2440 1959 2473 omnia
1986 2451 2072 2485 qua-

523 2503 604 2536 drat
629 2505 847 2549 specimina,
900 2517 993 2549 quae
1021 2506 1063 2538 in
1090 2506 1411 2539 numerosissimis
1438 2507 1680 2540 varietatibus
1709 2514 1926 2541 occurrunt.
