2310 3292
1714 348 1789 382 237

239 456 471 494 punctorum
498 445 691 478 subtiliter
716 443 1004 488 impressorum,
1044 455 1138 488 quae
1174 455 1251 476 non
1284 443 1327 477 in
1360 443 1524 477 seriebus
1555 447 1788 491 regularibus

239 515 303 549 sed
335 513 442 558 quasi
475 512 665 559 angulatis
698 511 820 556 posita
851 519 959 555 sunt,
1012 519 1050 544 et
1087 510 1222 555 quibus
1260 510 1326 544 hic
1364 511 1683 556 Cryptocephalus
1724 525 1789 558 per

239 582 335 615 bene
362 581 405 614 ab
432 580 612 614 affinibus
641 577 903 624 distinguitur.

565 778 1030 835 Cryptocephalus
1075 778 1461 827 trimaculatus.

850 868 931 896 Tab.
962 867 1035 895 VII.
1070 866 1123 906 fig.
1153 868 1183 899 5.

240 952 298 984 Cr.
319 948 445 995 niger,
474 947 626 981 thorace
648 945 758 992 nigro
779 944 1021 992 glaberrimO,
1050 943 1178 987 elytris
1203 944 1310 987 rufis,
1343 944 1497 989 punctis
1519 945 1638 979 tribus
1661 947 1789 994 nigris.

386 1014 478 1042 Rossi
506 1012 541 1041 F.
566 1012 634 1040 Etr.
663 1010 758 1040 Tom.
783 1011 808 1040 Ι.
839 1020 909 1050 pag.
935 1012 985 1041 96.
1031 1008 1135 1048 (Illig.
1165 1018 1234 1048 pag.
1258 1009 1349 1047 101.)

389 1070 552 1101 Schoenh.
581 1069 676 1098 Tom.
701 1070 744 1098 II.
774 1078 845 1108 pag.
870 1070 943 1100 353.

389 1129 460 1166 ΠΘῘ-
485 1129 552 1158 Cat·
582 1137 653 1167 Pag-
679 1130 749 1160 127.
780 1127 832 1155 Cr.
856 1124 1102 1159 sexmaeulatus‚
1134 1124 1232 1157 Olim
1277 1124 1480 1161 Crztrimac„
1510 1125 1617 1159 Rossi·,
1661 1129 1712 1156 Cr.
1738 1130 1791 1156 Sa-

480 1187 563 1222 licis,
597 1185 714 1224 Zieg1.;
758 1185 810 1213 Cr.
835 1183 966 1212 Salicis‘?
1001 1181 1094 1209 Fabr.

243 1247 397 1282 Habitat
423 1246 466 1279 in
494 1245 621 1284 Italia,
663 1242 873 1285 Dalmatia,
914 1241 1037 1274 Gallia
1065 1239 1316 1272 meridionali.
1608 1286 1612 1287 ⁷

345 1311 690 1357 Cryptocephalum
717 1308 848 1341 Salicis
876 1307 1035 1340 Fabricii
1066 1308 1173 1345 (Eut.
1217 1307 1314 1350 Syst.
1338 1307 1365 1339 Ι.
1400 1319 1434 1351 p.
1457 1308 1516 1343 53.
1547 1316 1583 1342 et
1611 1311 1644 1343 S,
1673 1311 1794 1345 Elem,

243 1381 328 1414 Pars
348 1380 394 1412 ΙΙ.
421 1389 505 1424 pag.
530 1379 611 1418 42.)
639 1375 743 1409 aliud
771 1386 848 1408 esse
875 1374 1065 1407 insectum
1093 1381 1130 1406 et
1157 1373 1201 1405 ad
1229 1374 1373 1417 Clytras
1401 1374 1607 1419 pertinere,
1649 1388 1692 1409 ex
1722 1390 1796 1411 ver-

245 1448 302 1480 bis
337 1446 428 1480 clari
460 1443 532 1476 viri
564 1450 734 1487 apparet,
782 1441 960 1475 dicentis:
1008 1440 1216 1473 ”antennae
1242 1439 1386 1482 breves,
1432 1441 1591 1487 nigrae.⁷’
1669 1444 1795 1478 Etiam

245 1512 387 1559 patriae
414 1511 533 1544 nostri
561 1517 598 1542 et
624 1508 834 1542 Fabriciani
861 1507 1065 1551 coleopteri
1092 1506 1284 1539 diversitas
1320 1507 1468 1548 (Italia,
1506 1510 1698 1543 Dalmatia
1725 1520 1793 1545 etc,

247 1588 283 1614 et
310 1577 491 1618 Saxonia)
527 1576 749 1621 opinionem
781 1586 905 1607 meam
938 1574 1152 1615 confirmat,
1198 1580 1235 1605 et
1261 1584 1461 1616 nunquam
1492 1575 1618 1608 audivi
1647 1577 1704 1608 Cr.
1733 1579 1797 1610 tri-

247 1646 481 1680 maculatum
507 1644 549 1676 in
577 1643 736 1676 Saxonia
763 1649 916 1687 captum
944 1652 1033 1673 esse.

348 1710 551 1758 Diagnosis
579 1718 616 1743 et
644 1709 845 1754 descriptio
873 1709 914 1741 in
941 1707 1123 1741 Rossiano
1151 1718 1260 1751 opere
1286 1706 1382 1739 bene
1409 1706 1573 1750 quadrat.

532 1890 1006 1962 Crypzfficephalug'
1026 1890 1509 1958 '’bistripunctatus,

600 1969 636 1991 '¹¹
920 1996 1127 2035 (Creutzer.)

856 2072 936 2100 Tab.
967 2072 1040 2101 vu.
1077 2071 1130 2110 fig.
1161 2073 1189 2102 6.

601 2114 617 2122 .·
642 2112 670 2127 »ζ’

253 2156 308 2188 Cr.
343 2150 468 2195 nigor,
514 2138 667 2181 thorace
703 2147 946 2193 glaberrimo,
997 2147 1125 2191 elytris
1167 2147 1471 2181 flavo-testaceis
1514 2159 1601 2180 cum
1642 2148 1798 2180 maculis

301 2219 419 2252 tribus
446 2215 568 2262 parvis
596 2214 907 2264 marginibusque
935 2215 1065 2261 nigris.

397 2280 555 2309 Laichart.
586 2279 680 2308 Tom.
705 2281 729 2309 I.
761 2277 830 2319 pa'g.
860 2276 927 2314 179.
974 2281 1025 2309 Cr.
1051 2280 1235 2318 imperialis.

400 2339 472 2374 Dej.
497 2339 564 2367 Cat.
595 2347 663 2376 pag.
692 2341 760 2370 127.

402 2397 513 2425 Germ.
537 2396 600 2424 Ins.
634 2405 702 2434 pag.
728 2397 800 2427 557.

254 2457 407 2491 Habitat
435 2456 476 2488 iu
503 2455 668 2493 Austria,
710 2455 810 2487 unde
837 2455 1065 2487 clarissimus
1095 2455 1290 2495 Creutzer‚
1339 2453 1611 2499 Entomologus
1640 2453 1800 2487 eximius

306 2532 342 2558 et
368 2523 509 2556 amicus
539 2522 752 2555 carissimus
780 2534 868 2554 eum
895 2522 940 2554 ad
975 2533 1036 2553 me
1064 2520 1181 2553 misit.
