2325 3286
504 329 578 363 220

505 426 659 472 apicalis
693 432 748 459 est
779 423 1011 457 rotundatus.
1090 420 1266 466 Quamvis
1300 421 1372 454 hoc
1405 421 1643 466 coleopteron
1675 431 1847 468 respectu
1874 432 2054 459 antenna-

505 506 592 527 rum
626 504 712 526 cum
748 489 1010 533 Dinperidibus
1046 488 1246 520 convenire
1280 487 1468 532 videatur,
1516 495 1644 520 tamen
1670 489 1713 521 in
1739 492 1940 534 permultis
1967 492 2054 526 aliis

502 560 670 606 partibus
712 556 875 590 maxime
910 556 954 588 ab
987 555 1034 588 iis
1072 555 1199 588 differt
1240 562 1277 588 et
1310 554 1569 601 Bolitophagis
1612 554 1940 593 adnumerandum
1974 570 2054 593 esse

504 627 662 660 videtur.

604 691 753 724 Thorax
789 696 845 722 est
885 688 1104 733 quadratus,
1158 689 1341 733 elevatus,
1394 688 1573 722 lateribus
1616 689 1838 722 crenulatis:
1891 701 2053 736 superne

503 771 591 793 cum
619 757 824 791 tuberculis
858 756 1046 801 pluribus,
1099 755 1199 788 inter
1234 768 1328 800 quae
1364 767 1427 788 sex
1460 763 1551 789 sunt
1591 755 1845 802 distinctiora,
1895 758 2051 800 majora:

501 826 642 871 prima,
682 836 748 857 seu
781 824 906 856 antica
940 823 1030 865 duO,
1079 823 1233 867 reliquis
1269 823 1483 867 elevatiora,
1527 822 1808 858 corniculorum
1842 824 1962 858 instar
1994 835 2053 857 su-

502 904 567 937 pra
594 891 755 925 thomeis
784 890 995 935 marginem
1023 890 1151 932 paullo
1177 890 1409 934 prominent.

603 958 815 991 Scutellum
852 956 1042 1000 conspicio
1085 956 1249 989 nullum.
1328 957 1457 1000 Elytra
1495 958 1647 991 thorace
1690 965 1781 991 sunt
1819 957 1935 1001 duplo
1975 957 2052 989 fere

501 1024 689 1070 longiora,
733 1023 876 1067 postice
911 1022 1146 1068 angustiora,
1193 1028 1369 1064 connata3
1414 1022 1567 1066 punctis
1600 1023 1749 1068 magnis
1782 1022 1975 1068 impressis
2009 1023 2052 1056 in

500 1091 612 1125 series
639 1090 783 1134 positis,
825 1097 862 1122 et
889 1097 1033 1134 septem
1061 1089 1159 1122 circa
1184 1088 1391 1121 tuberculis
1418 1088 1459 1121 in
1487 1088 1651 1135 singulis
1678 1089 1826 1133 elytris,
1866 1089 2050 1136 oblongis,

501 1157 731 1204 perelevatis.
808 1157 975 1201 Quatuor
1001 1156 1139 1188 horum
1166 1156 1448 1189 tuberculorum
1479 1156 1524 1188 ad
1554 1155 1661 1188 basin
1696 1157 1904 1200 elytrorum
1929 1156 2052 1202 posita

502 1233 609 1268 sunt,
651 1232 688 1257 et
714 1223 859 1267 reliqua
887 1234 1010 1256 versus
1039 1224 1246 1266 elytrorum
1273 1223 1429 1267 apicem.
1499 1223 1610 1256 Color
1636 1230 1692 1255 est
1718 1223 1877 1268 griseus:
1919 1224 2051 1268 elytro-

500 1304 586 1325 rum
614 1303 701 1324 cum
727 1290 867 1333 albido,
908 1290 1191 1322 tuberculorum
1226 1300 1315 1321 cum
1348 1289 1741 1336 flavido-ferrugineo
1775 1290 1934 1334 mixtus,
1981 1290 2049 1334 qui

503 1359 784 1392 tuberculorum
811 1357 910 1389 color
936 1363 1106 1389 tomento
1135 1355 1297 1399 quodam
1323 1356 1491 1400 pilorum
1517 1356 1810 1402 perexiguorum
1840 1357 2049 1391 conficitur.

602 1425 714 1458 Pedes
743 1423 874 1470 grisei,
914 1422 1111 1467 ordinarii,
1151 1423 1319 1456 tenuiter
1346 1430 1383 1456 et
1410 1421 1523 1457 dense
1549 1423 1680 1469 pilosi:
1720 1423 1812 1457 tarsi
1839 1423 1954 1466 nudi,
1989 1425 2048 1457 ob-

502 1504 608 1527 scuro
621 1512 635 1518 -
648 1492 729 1525 rufi.

862 1703 1126 1743 Dircaea
1186 1700 1683 1758 quadriguttata.

1128 1792 1207 1821 Tab.
1234 1792 1271 1820 v.
1306 1791 1359 1831 fig.
1387 1795 1417 1822 7.

648 1884 739 1913 Fabr.
765 1883 838 1912 Ent.
865 1883 976 1922 Suppl.
1006 1893 1076 1922 pag.
1098 1886 1168 1916 122.

648 1943 740 1971 Fabr.
766 1942 815 1971 El.
846 1952 915 1982 pag.
938 1946 986 1975 89.

646 2001 730 2039 Illig.
759 2000 828 2028 Kssif.
858 2010 927 2040 pag.
956 2003 1024 2032 130.
1072 1999 1280 2038 Seri-opalpus
1305 1982 1604 2037 quad1·imaculatus.

647 2057 741 2097 Payk.
766 2058 866 2086 Faun.
892 2058 985 2087 Tom.
1010 2058 1036 2086 I.
1066 2068 1135 2097 pag.
1161 2058 1232 2089 251-
1277 2057 1427 2096 Hypulus
1452 2055 1645 2096 quadrigutt.

648 2115 734 2154 Gyll.
774 2116 867 2145 Tom.
892 2116 932 2144 Π.
963 2125 1031 2155 pag.
1056 2118 1128 2149 520.

647 2173 808 2202 Schoenh.
838 2173 932 2201 Tom.
956 2174 1015 2202 ΠΙ.
1049 2184 1119 2213 pag.
1144 2174 1195 2205 49.

647 2230 784 2262 Ahrens.
813 2231 898 2260 Fasc.
925 2232 978 2260 VI.
1012 2231 1093 2260 Tab.
1118 2235 1147 2263 6.

603 2307 849 2351 Coleopteron
882 2307 923 2339 in
955 2307 1015 2340 his
1050 2307 1158 2340 terris
1190 2306 1426 2341 rarissimum
1458 2317 1478 2338 a
1509 2304 1600 2339 viris
1634 2303 1885 2339 celeberrimis
1913 2305 2047 2353 Illiger

502 2380 539 2406 et
566 2372 768 2417 Gyllenhal
797 2373 944 2419 egregie
971 2373 1211 2418 descriptum.
