2325 3286
533 315 602 351 194

914 407 1242 460 Lampyris
1300 405 1690 447 Lusitanica.

1146 496 1225 525 Tab.
1258 497 1314 525 VI.
1349 496 1401 537 fig.
1427 498 1456 529 4.

531 583 658 624 Lamp.
687 574 815 619 elytris
843 573 950 617 atris,
994 575 1146 607 thorace
1173 582 1400 618 transverSO,
1440 575 1541 619 rufo,
1583 574 1840 608 immaculato.

675 641 768 670 Fabr.
793 640 823 669 S.
848 639 922 668 Ent.
961 649 1030 679 pag.
1056 644 1127 672 202.
1172 640 1208 669 L.
1233 640 1347 668 italica.

677 699 771 728 Fabr.
796 699 869 727 Ent.
895 698 920 726 Ι.
948 697 982 726 Ρ.
1006 703 1036 730 2.
1067 708 1137 737 pag.
1164 701 1234 731 102.
1279 698 1316 727 L.
1339 697 1407 726 ital.

677 759 770 787 Fabr.
794 757 845 786 El.
870 757 894 785 Ι.
920 757 952 785 P.
977 761 1006 789 2.
1042 766 1111 796 pag.
1139 755 1215 788 104?
1254 757 1290 785 L.
1314 756 1382 786 ital.

676 817 761 845 Lan:
787 816 869 844 Hist.
894 816 948 844 IX.
983 825 1053 854 pag.
1080 818 1150 848 102.
1195 815 1231 844 L.
1255 815 1323 844 ital.

527 877 682 913 Habitat
709 877 751 909 in
777 875 993 919 Lusitania,
1034 875 1231 920 Hispania.

629 961 769 994 Differt
802 971 822 992 a
855 960 897 992 L.
923 958 1069 992 italica:
1118 959 1387 1004 magnitudine
1416 959 1618 1003 ampliore,
1668 961 1776 994 illam
1804 971 1934 1007 quarta
1961 963 2082 1009 longi-

530 1019 674 1062 tudinis
709 1033 813 1070 parte
849 1036 1046 1068 superans:
1095 1025 1247 1058 thorace
1273 1025 1357 1058 rufo
1389 1024 1654 1070 immaculato,
1701 1027 1768 1071 qui
1802 1029 1844 1061 in
1877 1030 1919 1062 L.
1955 1030 2081 1063 italica

528 1097 570 1129 in
598 1093 723 1127 medio
750 1092 1041 1124 atromaculatus
1076 1099 1148 1124 est:
1195 1092 1371 1124 antennis
1408 1091 1614 1135 elytrisque
1649 1093 1789 1139 nigris,
1835 1106 1932 1138 quae
1964 1096 2007 1128 in
2040 1098 2081 1130 L.

529 1162 608 1195 ital.
633 1159 876 1206 nigro-fusca
903 1166 1008 1191 sunt:
1050 1158 1208 1191 scuteno
1235 1159 1333 1191 laete
1357 1158 1460 1202 rufo,
1501 1159 1600 1203 quod
1626 1160 1669 1193 in
1695 1161 1828 1205 Lamp.
1854 1161 1933 1195 ital.
1961 1162 2081 1196 fusco-

527 1227 788 1274 ferrugineum
817 1233 882 1259 est.

628 1293 895 1346 Lampyridem
928 1291 1020 1324 huic
1052 1291 1160 1324 valde
1194 1290 1363 1324 similem
1398 1290 1505 1324 misit
1537 1292 1639 1324 Dahl
1674 1305 1718 1327 ex
1750 1294 1966 1342 Hungaria,
2010 1296 2078 1328 sub

529 1361 685 1396 nomine
712 1361 844 1404 Lamp.
864 1357 1135 1391 Mehadiensis.
1212 1359 1378 1402 Excepto
1406 1358 1569 1392 thoracis
1598 1359 1720 1393 colore
1743 1361 1827 1394 rufo
1849 1363 1969 1408 magis
1991 1374 2080 1396 cum

528 1438 674 1461 rosaceo
702 1426 821 1458 mixto
849 1437 870 1458 a
897 1431 1023 1458 nostra
1049 1425 1200 1457 differre
1229 1436 1307 1458 non
1333 1425 1493 1458 videtur.

627 1493 787 1526 Fabricii
813 1493 932 1538 igitur
958 1492 1116 1537 allegata
1142 1491 1186 1524 ad
1214 1492 1483 1536 Lampyridem
1517 1491 1686 1526 italicam
1719 1505 1845 1537 suam,
1890 1506 1934 1527 ex
1962 1496 2080 1540 operi-

527 1562 595 1594 bus
622 1560 782 1603 Linnei,
823 1558 1000 1592 DeGeeri
1028 1566 1065 1591 et
1092 1558 1255 1603 Sulzeri,
1299 1559 1456 1592 delenda
1490 1566 1591 1592 sunt.

937 1772 1121 1814 Silis
1195 1773 1664 1826 spinicollis.

1145 1862 1216 1901 (De
1240 1862 1457 1903 Muehlfeld.)

530 1940 564 1974 S.
590 1939 716 1985 nigra,
757 1938 896 1982 nitida,
944 1938 1107 1972 thoracis
1135 1940 1283 1985 angulis
1311 1941 1465 1986 posticis
1498 1939 1686 1986 profunde
1712 1940 1864 1974 excisis:
1913 1941 2078 1987 spinula-

577 2017 649 2051 que
676 2005 765 2039 colli
790 2006 894 2038 fusca
919 2006 1171 2051 prominente.

674 2071 807 2107 Dejean.
845 2081 914 2110 pag.
944 2074 996 2103 37.

527 2129 680 2163 Habitat
707 2130 749 2163 in
776 2131 926 2175 Silesia,
965 2130 1176 2176 Hungaria,
1219 2130 1316 2164 circa
1342 2131 1514 2165 Parisios.

629 2213 756 2247 Genus
790 2214 1021 2247 insectorum
1056 2214 1346 2248 Cantharidibus
1378 2215 1538 2249 Fabricii
1580 2214 1822 2259 (Telephoris
1858 2214 2074 2259 Schaefferi,

527 2280 728 2322 Latreille)
757 2281 862 2314 omni
885 2282 996 2314 modo
1019 2282 1147 2326 affine,
1183 2294 1202 2314 a
1224 2282 1320 2315 claro
1342 2282 1511 2328 'Megerle
1536 2282 1581 2315 sle
1599 2281 1815 2315 Muehlfeld
1836 2281 2073 2315 institutum.

631 2349 752 2392 Caput
779 2348 938 2392 declive,
981 2356 1123 2392 atrum,
1171 2349 1362 2395 glabrum,
1412 2348 1536 2382 antice
1564 2348 1811 2393 impressum,
1861 2359 1922 2381 ore
1950 2348 2072 2392 luteo,

527 2414 702 2447 antennis
733 2415 976 2461 longitudine
1012 2415 1194 2460 corporis:
1243 2415 1430 2459 articulis,
1489 2423 1642 2461 excepto
1674 2415 1798 2459 primo
1833 2422 1869 2448 et
1897 2414 2072 2458 secundo,

527 2481 761 2525 aequalibus,
801 2483 944 2528 longis,
986 2482 1101 2516 latere
1126 2481 1307 2516 interiore
1338 2482 1499 2517 serratis.
