2346 3297
633 818 1384 872 NOTANDA.

233 1171 355 1223 Linea
382 1198 477 1227 parva
502 1187 650 1226 pluribus
684 1185 830 1215 iconibus
859 1185 980 1222 adjecta
1009 1184 1269 1224 magnitudinem
1289 1184 1474 1213 naturalem
1495 1186 1623 1220 insecti,
1658 1185 1697 1213 ad
1724 1195 1788 1214 sca-

231 1249 298 1277 lam
331 1253 456 1276 auctam
482 1246 650 1280 delineati,
695 1244 828 1273 indicat:
871 1245 1030 1272 insectum
1063 1243 1172 1281 ipsum
1200 1252 1217 1271 a
1249 1243 1356 1272 fronte
1387 1242 1426 1270 ad
1456 1242 1635 1271 abdominis
1663 1245 1788 1282 apicem

232 1311 455 1336 mensuratum
483 1311 538 1334 est.
610 1303 700 1333 Scala
726 1302 818 1331 nulla
847 1302 982 1340 adjecta,
1016 1301 1177 1330 insectum
1206 1300 1429 1341 magnitudine
1456 1301 1595 1330 naturali
1623 1301 1788 1340 depictum

234 1374 301 1393 esse
323 1365 409 1393 scias.

317 1479 412 1518 Signo
435 1475 458 1515 -ἰ-
481 1476 606 1505 nomini
627 1476 740 1504 insecti
762 1475 936 1513 praemisso
964 1473 1138 1509 indicatur,
1182 1483 1237 1501 me
1264 1475 1423 1502 insectum
1446 1475 1554 1511 ipsum
1575 1483 1642 1502 non
1665 1474 1786 1504 vidisse.

316 1596 495 1623 Auctorum
517 1593 646 1630 scripta,
691 1591 805 1629 quibus
828 1591 862 1618 in
885 1589 933 1618 his
956 1589 1091 1628 plagulis
1115 1599 1189 1617 usus
1212 1599 1301 1625 sum,
1344 1595 1375 1617 et
1398 1598 1494 1627 quae,
1536 1594 1573 1617 ut
1594 1591 1695 1627 spatio
1718 1599 1787 1628 par-

234 1662 354 1689 cerem,
388 1654 423 1682 'm
442 1657 535 1680 textu
557 1651 624 1688 ipso
648 1650 747 1678 titulis
771 1650 805 1677 in
827 1647 1059 1686 compendium
1081 1647 1214 1677 redactis
1238 1648 1386 1687 allegavi,
1424 1653 1498 1676 sunt
1520 1646 1618 1675 haec:

233 1770 303 1799 Act.
321 1769 427 1798 Berol.
451 1784 494 1790 -·
516 1761 679 1796 Schriften
701 1766 758 1794 der
772 1765 919 1794 Berliner
942 1764 1158 1793 Gesenschaft
1179 1763 1486 1793 naturforschender
1507 1761 1666 1791 Freunde.
1711 1762 1787 1791 Ber-

381 1828 437 1856 lin.
474 1825 635 1858 1780-84.
684 1825 720 1853 V.
747 1824 818 1852 Vol.
851 1826 880 1855 8.
918 1834 943 1851 e.
967 1824 1030 1851 tab.
1056 1823 1116 1851 col.

232 1887 367 1916 Ahrens.
397 1902 439 1907 —-
466 1884 616 1913 Ahrensii
644 1883 755 1911 Fauna
783 1882 983 1910 Insectorum
1006 1881 1156 1920 Europae
1186 1890 1261 1909 cura
1284 1880 1430 1908 Germar.
1477 1879 1588 1914 Halae,
1627 1881 1785 1912 1821-23.

383 1947 493 1975 12mo.
539 1943 626 1971 Fasc.
653 1944 727 1973 1-8.
774 1950 849 1969 cum
876 1941 939 1968 tab.
965 1940 1024 1968 col.

231 2002 405 2033 Blumenb.
428 2019 471 2024 —
491 1999 732 2030 Blumenbachs
754 1998 1042 2027 naturhistorische
1063 1996 1303 2035 Abbildungen.
1348 1995 1410 2024 No,
1438 1997 1554 2026 1-100.
1601 1995 1785 2033 Go'ttingen,

382 2063 585 2094 1796-1810.
631 2062 659 2091 8.
706 2067 780 2085 cum
807 2057 871 2085 tab.
898 2056 957 2084 col.

233 2118 450 2150 Cederhielm.
474 2135 515 2140 —-
538 2115 761 2147 Cederhiehn:
807 2115 935 2144 Faunae
961 2114 1102 2151 Ingricae
1125 2111 1326 2150 prodromus.
1371 2111 1497 2149 Lipsiae
1522 2112 1612 2142 1798.
1643 2112 1672 2141 8.
1714 2119 1786 2138 cum

381 2178 444 2206 tab.
476 2176 535 2204 col.

234 2235 377 2274 Coqueb.
399 2252 443 2258 —-
464 2234 663 2272 Coquebert:
709 2232 883 2261 Illustratio
909 2227 1159 2268 Iconographica
1180 2229 1392 2261 insectorum,
1431 2235 1511 2264 quae
1535 2226 1569 2254 in
1590 2225 1707 2253 muscis
1729 2225 1787 2252 Pa-

381 2295 483 2322 risinis
513 2292 688 2321 observavit
715 2290 888 2319 Fabricius.
947 2288 1070 2317 Parisiis
1102 2285 1311 2318 1800-1804.
1362 2283 1505 2326 Decades
1529 2283 1588 2312 111.
1634 2282 1687 2313 4t0
1710 2283 1784 2318 maj.

384 2360 459 2379 cum
480 2350 543 2378 tab.
567 2352 608 2382 30
638 2351 734 2378 color.

234 2408 360 2437 Creutz.
385 2424 427 2429 —-
450 2409 616 2437 Creutzers
641 2405 915 2445 entomologische
940 2404 1114 2433 Versuche.
1161 2403 1256 2431 Wien
1280 2403 1370 2433 1799.
1405 2402 1434 2430 8.
1481 2407 1555 2425 curn
1577 2397 1641 2426 tab.
1672 2398 1731 2427 col.
1753 2400 1783 2430 3.

233 2466 386 2495 DeGeer.
416 2483 459 2488 --
490 2466 595 2494 Baton
623 2465 661 2492 de
677 2464 776 2492 Geer:
814 2463 1077 2501 Abhandlungen
1106 2471 1162 2489 zur
1189 2458 1384 2488 Geschichte
1407 2456 1463 2484 der
1484 2455 1646 2485 Insekten.
1691 2457 1729 2485 A.
1754 2456 1783 2484 d.

295 2528 310 2547 Ρ
382 2525 528 2556 Εϊωαῑόε.
553 2533 613 2552 von
636 2523 747 2551 thze.
793 2521 965 2560 Niirnberg
990 2520 1154 2553 1778-83.
1189 2520 1219 2548 7.
1246 2515 1331 2545 Voll.
1365 2514 1429 2546 4to.
1465 2524 1540 2543 eum
1562 2513 1625 2543 tab.
1651 2522 1720 2543 aen.
