2310 3292
1702 316 1770 349 191

226 411 287 446 vix
312 410 524 453 bisinuato3
562 408 713 455 angulis
733 407 887 454 posticis
907 409 1038 454 rectis,
1071 411 1171 444 haud
1191 410 1514 455 prominentibus5
1547 418 1642 456 ater,
1677 425 1772 458 pun-

227 485 365 520 ctatus,
413 476 567 520 pilosus.
647 476 858 509 scutellum
885 484 1055 520 ovatum,
1095 477 1286 510 villosum.

325 543 454 587 Elytra
487 543 616 588 longa,
662 549 780 585 recta,
829 542 972 586 postice
1005 543 1245 576 subdilatata:
1296 543 1341 577 ad
1368 544 1545 577 humeros
1573 552 1660 578 ante
1692 546 1772 578 tho-

222 620 347 643 racem
372 608 645 654 prominentia,
688 608 1058 652 punctam-striata,
1100 609 1189 654 pilis
1216 610 1522 656 flavido-griseis
1550 618 1772 645 tomentosa.

225 677 360 710 Subtus
388 687 520 720 corpus
547 681 603 707 est
628 681 770 717 atrum,
810 675 999 720 glabrum,
1039 675 1129 720 pilis
1155 675 1326 708 brevibus
1353 683 1508 710 tectum.

322 742 436 775 Pedes
464 741 551 774 atri:
593 739 683 773 tarsi
710 739 800 784 pilis
829 740 1064 774 densioribus
1092 741 1255 775 obducti.

324 807 541 841 Secundum
573 807 749 840 habitum
783 817 872 840 cum
902 808 1114 841 Elateribus
1147 806 1344 841 denticolli
1373 816 1410 841 et
1435 808 1572 841 lineari
1598 810 1698 842 Fabr.
1727 812 1771 843 ad

223 885 338 908 unam
360 873 592 917 eandemque
612 872 907 907 subdivisionem
927 886 993 908 seu
1010 875 1196 908 familiam
1218 875 1406 920 pertinere
1429 875 1590 919 videtur,
1625 887 1669 908 ex
1691 877 1771 919 qui-

221 942 290 974 bus
324 941 517 985 speciebus
551 940 804 973 amicissimus
842 941 887 974 de
923 941 1137 976 Muehlfeld
1174 942 1371 987 proprium
1405 941 1605 976 constituit
1640 954 1770 989 genus,

223 1008 290 1040 sub
318 1007 492 1041 nomine:
532 1006 835 1041 ’'Hammionus’'.

629 1254 820 1295 Dima
884 1253 1361 1296 elateroides.

844 1360 922 1389 Tab.
947 1360 1002 1389 VI.
1033 1359 1085 1400 fig.
1111 1363 1139 1392 8.

227 1473 272 1505 D.
300 1473 416 1513 elata,
458 1471 601 1516 glabra,
641 1470 889 1514 rufo-picea,
930 1471 1061 1502 subtus
1089 1470 1276 1513 pallidior.

370 1535 504 1571 Dejean.
540 1545 609 1574 pag.
640 1535 691 1567 34.
736 1535 835 1563 Dima
858 1534 1043 1563 elateroides
1067 1534 1212 1573 Ziegleri.

221 1594 375 1627 Habitat
402 1594 444 1627 in
471 1595 614 1639 Styriae
642 1595 800 1639 alpibus.

323 1679 519 1711 Insectum
553 1678 763 1724 singulare3
809 1677 893 1711 sine
928 1677 1040 1710 dubio
1073 1677 1117 1710 ad
1150 1677 1338 1709 familiam
1366 1678 1632 1712 Sternoxorum
1661 1681 1772 1724 perti-

225 1757 335 1789 nens,
377 1744 586 1778 Elateribus
615 1745 779 1778 maxime
807 1745 930 1777 affine.
996 1744 1161 1776 Illustris
1190 1745 1333 1786 Dejean
1360 1745 1385 1778 l.
1404 1756 1433 1777 c.
1456 1746 1619 1789 primus,
1653 1758 1769 1790 quan-

222 1821 308 1847 tum
334 1812 427 1855 scio,
470 1812 514 1844 de
539 1812 611 1844 hoc
639 1812 782 1845 insecto
809 1811 961 1856 publice
987 1811 1138 1855 scripsit
1165 1818 1202 1843 et
1228 1810 1345 1843 simul
1371 1812 1483 1844 aliam
1519 1813 1633 1854 hujus
1662 1825 1770 1859 gene-

223 1880 272 1913 ris
297 1878 479 1923 speciem,
513 1878 668 1911 Dimam
691 1879 968 1921 Dalmatinam,
1005 1878 1132 1910 adfert.
1197 1878 1251 1910 Ab
1278 1878 1349 1911 hoc
1377 1878 1496 1924 igitur
1521 1880 1769 1925 Entomologo

225 1946 363 1979 eximio
391 1945 657 1978 accuratiorem
686 1945 883 1991 diagnosin
912 1946 1026 1987 hujus
1054 1945 1202 1990 generis
1231 1953 1480 1989 expectemus.
1546 1947 1624 1992 Ego
1652 1948 1768 1979 solam

224 2013 325 2047 Dim.
354 2013 595 2045 elateroidem
628 2013 768 2045 habens
800 2013 912 2046 facile
947 2013 1174 2045 characteres
1210 2011 1401 2057 genericos
1439 2024 1525 2045 cum
1553 2013 1771 2046 characteri-

223 2081 292 2113 bus
325 2079 465 2124 speciei
499 2079 799 2123 competentibus
835 2079 1064 2112 confundere
1097 2090 1263 2123 possem,
1309 2079 1341 2111 si
1369 2079 1412 2112 de
1445 2080 1513 2113 hac
1544 2081 1666 2125 specie
1694 2082 1769 2113 sola

226 2158 285 2180 eos
314 2147 494 2179 deducere
521 2147 669 2179 vellem.
748 2147 827 2178 Hac
862 2146 906 2178 de
942 2157 1050 2179 causa
1087 2146 1253 2179 sufficiat
1279 2147 1350 2179 hoc
1378 2147 1459 2179 loco
1488 2147 1688 2191 descriptio
1717 2160 1769 2179 ac-

227 2213 388 2246 curatior
422 2214 538 2246 totius
574 2213 726 2255 insecti,
769 2214 875 2255 cujus
910 2212 1099 2259 (linguosis
1135 2224 1246 2257 supra
1277 2213 1445 2246 exhibita
1474 2214 1627 2246 fortasse
1661 2214 1770 2245 corri-

227 2279 347 2326 genda
375 2279 463 2322 erit,
501 2280 533 2312 si
559 2281 684 2324 plures
713 2280 853 2324 species
887 2280 1151 2329 describentur.

328 2346 502 2391 Quinque
530 2354 584 2378 est
616 2347 764 2380 circiter
794 2347 912 2380 lineas
946 2347 1076 2392 longa3
1118 2353 1260 2378 statura
1293 2345 1431 2378 Elateri
1463 2356 1641 2390 germano
1669 2348 1769 2381 haud

227 2413 427 2457 absimilis,
474 2413 536 2445 sed
563 2414 686 2445 multo
714 2413 890 2446 elevatior
916 2425 981 2445 seu
1008 2412 1205 2459 globosior.
1283 2414 1405 2456 Caput
1430 2423 1604 2457 parvum,
1648 2415 1770 2448 subre-

227 2488 407 2523 tractum,
447 2480 569 2512 fronte
605 2478 755 2522 declivi,
801 2480 924 2512 antice
958 2480 1046 2521 lata,
1094 2486 1210 2522 recta,
1260 2478 1306 2511 ad
1332 2480 1457 2512 oculos
1486 2491 1682 2524 perparum
1713 2491 1769 2515 tu-
