2310 3292
1681 346 1756 380 215

211 457 261 481 ne
289 446 399 492 plura
423 444 637 489 nominem,
686 445 915 490 Sphondylis
940 443 1217 490 buprestoides,
1257 441 1416 476 Prionus
1443 443 1572 488 Faber,
1615 445 1761 478 Ceram-

210 514 283 558 byx
308 513 426 546 Heros
454 524 485 546 e.
511 524 539 546 s.
564 524 601 557 p.
628 512 807 545 Absentia
832 522 917 545 vero
943 511 1228 544 tuberculorum
1254 510 1297 544 in
1323 510 1448 544 fronte
1474 509 1663 544 foeminae
1690 510 1761 557 sig-

208 591 305 614 num
330 579 517 625 pecularis
544 579 685 625 speciei
710 577 910 624 permagni
937 578 1037 611 mihi
1063 577 1142 611 visa
1168 585 1224 611 est
1249 577 1449 612 momenti.

663 806 848 846 Acis
936 802 1302 857 hybrida·

206 918 269 950 Ac.
295 915 448 949 thorace
473 921 700 948 transverso:
740 912 870 959 elytris
898 912 1084 957 ovalibus,
1129 913 1283 958 punctis
1314 912 1506 958 impressis
1535 912 1759 947 confluenti-

257 982 342 1027 bus,
376 981 565 1025 lineisque
591 989 674 1016 octo
700 983 760 1016 vel
788 981 917 1015 decem
943 980 1185 1025 subelevatis,
1217 981 1443 1026 plerumque
1469 978 1756 1025 perobliteratis.

203 1064 359 1098 Habitat
385 1064 428 1098 in
453 1064 649 1110 Hispania.

305 1149 391 1182 Acis
425 1148 607 1181 brevitate
637 1147 800 1181 thoracis
835 1155 873 1181 et
908 1148 1115 1191 elytrorum
1147 1148 1268 1181 forma
1302 1159 1322 1180 a
1356 1147 1628 1195 congeneribus
1662 1149 1757 1183 bene

207 1215 401 1260 distincta,
441 1215 577 1259 quibus
604 1214 646 1247 in
672 1214 829 1258 reliquis
856 1213 1027 1259 partibus
1053 1215 1167 1259 plane
1194 1214 1382 1248 convenit.

304 1298 455 1332 Thorax
482 1297 597 1342 duplo
624 1297 737 1330 latior
763 1309 876 1342 quam
905 1297 1074 1344 longior,
1124 1298 1247 1331 antice
1274 1297 1396 1342 valde,
1439 1297 1583 1342 postice
1609 1299 1757 1333 modice

202 1363 366 1399 excisus:
411 1364 647 1412 marginibus
673 1365 890 1398 lateralibus
916 1364 1152 1409 subreflexis,
1190 1365 1398 1412 rugulosis:
1440 1365 1590 1411 angulis
1618 1366 1754 1400 anticis

202 1431 430 1477 rotundatis,
476 1444 612 1477 parum
645 1432 853 1477 productis:
901 1432 1057 1476 posticis
1091 1433 1301 1477 subacutis,
1350 1432 1414 1465 sed
1446 1443 1525 1465 non
1551 1433 1755 1478 productis.

201 1499 340 1534 Discus
367 1499 530 1532 thoracis
558 1493 760 1542 conveintus,
807 1499 940 1543 laevis,
979 1500 1134 1544 punctis
1161 1499 1283 1544 parvis
1312 1500 1523 1532 numerosis
1551 1500 1755 1545 impressis.

303 1582 433 1626 Elytra
459 1590 630 1626 connata,
670 1582 982 1629 globoso-ovalia,
1017 1582 1122 1628 apice
1150 1581 1298 1615 modice
1323 1582 1507 1629 elongata,
1542 1582 1753 1617 abdominis

202 1660 380 1695 magnam
420 1657 566 1694 partem
602 1650 849 1683 includentia.
937 1650 1073 1683 Sutura
1111 1650 1273 1694 elevata,
1322 1651 1512 1696 margines
1545 1651 1754 1695 elytrorum

200 1717 371 1750 laterales
411 1718 488 1750 late
532 1717 596 1751 sed
634 1718 781 1751 modice
814 1717 1020 1750 incrassati.
1105 1717 1245 1750 Lineae
1284 1724 1445 1761 quatuor
1486 1718 1543 1750 vel
1585 1718 1754 1763 quinque

201 1785 382 1828 elevatae,
422 1785 678 1818 subobsoletae
705 1785 746 1818 in
774 1785 936 1831 singulis
965 1784 1110 1828 elytris,
1157 1796 1317 1828 quarum
1344 1785 1509 1817 lateralis
1538 1785 1754 1819 distinctior

201 1859 271 1895 est,
320 1859 358 1884 et
392 1851 559 1885 carinam
590 1852 632 1885 in
663 1852 840 1885 Acidibus
881 1852 1034 1885 solitam
1069 1852 1231 1885 conficit.
1310 1851 1484 1896 Spatium
1519 1852 1619 1886 inter
1653 1853 1750 1886 hanc

200 1917 367 1951 carinam
400 1927 437 1952 et
468 1920 679 1966 marginem
711 1920 863 1965 punctis
896 1920 1035 1964 parvis,
1091 1918 1273 1952 nonnihil
1306 1918 1516 1963 impressis,
1570 1927 1625 1953 est
1658 1921 1752 1954 obsi-

199 1993 300 2019 tum:
345 1986 492 2030 reliqua
526 1986 603 2019 sive
636 1987 806 2032 superior
840 1998 922 2032 pars
950 1986 1063 2031 elytri
1095 1994 1237 2031 puncta
1265 1985 1446 2030 impressa
1472 1987 1584 2020 habet
1610 1988 1749 2029 majora

199 2060 237 2086 et
263 2064 482 2097 numerosa,
521 2053 564 2087 in
590 2054 709 2088 lineas
737 2055 959 2102 irregulares
988 2066 1052 2087 seu
1079 2055 1236 2087 fossulas
1265 2053 1505 2087 confluentia.

298 2136 412 2170 Pedes
439 2138 567 2182 paullo
593 2138 777 2172 breviores
806 2150 919 2183 quam
947 2139 989 2170 in
1016 2137 1171 2182 reliquis
1191 2137 1369 2170 Acidibus
1398 2145 1435 2171 et
1462 2138 1577 2171 tibiae
1593 2139 1746 2183 punctis

199 2202 350 2237 elevatis
382 2204 539 2237 scabrae.

300 2286 531 2320 Globositate
558 2288 739 2333 corporis,
781 2289 988 2333 elytrorum
1015 2290 1208 2333 sculptura
1235 2289 1451 2334 pedumque
1477 2295 1664 2322 structura
1690 2289 1748 2322 Pi-

196 2352 330 2386 melias
358 2365 446 2387 cum
473 2354 648 2388 Acidibus
677 2355 888 2402 conjungit.
