2325 3286
522 348 596 382 236

910 441 1160 495 Clytra
1228 442 1685 483 flavicollis.

1092 531 1198 571 (Meg.
1224 531 1262 560 de
1286 531 1507 570 Muehlfeld.)

530 612 568 643 C.
597 609 756 652 oblonga
783 612 877 648 atra,
919 606 1042 650 capite
1070 608 1275 652 elytrisque
1302 608 1501 650 coeruleis,
1543 605 1753 651 punctatis,
1799 606 1950 640 thorace
1976 608 2080 651 pedi-

571 677 714 718 busque
740 673 972 705 flavo-rufis:
1014 674 1191 707 antennis
1218 675 1335 718 flavis,
1374 675 1479 720 apice
1502 674 1682 717 fusciore,
1714 673 1890 718 paullum
1912 674 2072 723 serratis.

670 738 742 774 Dej.
768 738 835 766 Cat.
867 747 936 777 pag.
963 742 1033 772 126.

523 799 677 833 Habitat
704 797 745 829 in
771 798 943 830 Austriae
970 799 1130 843 alpibus.

625 866 773 898 Statura
814 872 850 897 et
890 866 1157 911 magnitudine
1193 868 1342 911 Clytrae
1383 867 1493 900 affini
1533 866 1691 909 similis3
1746 865 1894 909 pictura
1930 866 2077 909 Clytrae

523 944 682 978 cyaneae
724 931 942 975 simillima3
994 932 1154 977 utraque
1194 934 1314 979 magis
1360 941 1569 980 angustata.
1651 934 1716 966 Est
1756 933 1857 966 inter
1896 932 2076 965 minimas

522 1002 637 1043 hujus
666 997 832 1045 gene1·iS‚
873 999 1119 1045 perobionga,
1163 1000 1326 1045 gracilis.

625 1066 764 1100 Differt
791 1076 810 1098 a
833 1066 870 1098 C.
899 1076 1036 1110 cyanea
1061 1073 1202 1099 statura
1226 1068 1350 1099 multo
1378 1067 1609 1113 angustiore,
1649 1066 1846 1110 superficie
1869 1068 2076 1110 elytrorum

524 1134 708 1182 glabriore
741 1144 948 1177 eorumque
982 1133 1137 1178 punctis
1173 1133 1364 1178 impressis
1399 1135 1522 1167 multo
1551 1134 1781 1166 minoribus:
1822 1134 1944 1166 colore
1972 1133 2077 1166 abdo-

523 1201 639 1236 minis
666 1201 786 1247 magis
815 1208 912 1243 atr0‚
954 1202 1160 1245 elytrorum
1187 1213 1281 1245 pure
1308 1203 1498 1245 coeruleo,
1539 1202 1605 1245 qui
1633 1202 1673 1235 in
1702 1203 1740 1235 C.
1769 1212 1907 1245 cyanea
1934 1200 1976 1233 in
2003 1200 2078 1233 vio-

526 1272 672 1303 laceum
710 1268 845 1314 vergit:
894 1268 1019 1301 fronte
1052 1268 1216 1312 aequali,
1264 1280 1358 1312 quae
1391 1269 1434 1301 in
1472 1270 1510 1302 C.
1543 1280 1680 1313 cyanea
1712 1269 1898 1313 profunde
1925 1276 1981 1301 est
2007 1267 2102 1300 im-·

524 1348 658 1382 pressa.
738 1337 782 1368 In
812 1337 849 1369 C.
878 1347 1015 1379 cyanea
1042 1344 1297 1369 antennarum
1324 1335 1474 1369 articuli
1502 1336 1642 1368 basales
1671 1336 1848 1369 distincte
1879 1335 2075 1368 flavo-rufi

524 1411 629 1438 sunt:
676 1403 716 1435 in
746 1404 784 1436 C.
808 1403 987 1436 flavicolli
1015 1405 1116 1437 color
1142 1404 1391 1437 articulorum
1418 1403 1621 1448 apicalium
1651 1402 1807 1435 flav-idus
1833 1402 1972 1435 sensim
2002 1402 2078 1446 api-

524 1484 605 1505 cem
639 1482 764 1504 versus
799 1471 841 1504 in
871 1472 1023 1504 fuscum
1056 1471 1207 1504 transit:
1257 1479 1347 1504 sunt
1382 1483 1465 1504 vero
1494 1471 1624 1504 ultimi
1652 1481 1729 1503 non
1758 1477 1836 1502 tam
1864 1469 1933 1502 atri
1963 1481 2074 1513 quain

525 1539 565 1571 in
595 1540 633 1572 C.
661 1549 808 1582 cyanea.

825 1719 1052 1774 Crypto
1076 1719 1375 1773 cephalus
1429 1718 1776 1775 Tristigma.

1130 1810 1209 1838 Tab.
1241 1810 1312 1838 vn.
1348 1809 1400 1848 fig.
1431 1808 1463 1849 ,4.

524 1890 580 1922 Cr.
595 1887 908 1928 atro-coeruleus,
936 1887 1087 1920 thorace
1113 1887 1246 1920 leviter
1261 1886 1392 1932 piloso,
1422 1886 1550 1931 elytris
1568 1887 1668 1929 rufis,
1697 1885 1849 1930 punctis
1865 1897 1927 1918 sex
1942 1886 2072 1933 nigris.

523 1971 677 2005 Habitat
704 1970 744 2002 in
767 1969 975 2002 Lusitania.

626 2055 722 2088 Sunt
749 2055 873 2098 plures
904 2053 1193 2098 Cryptoeephali
1223 2054 1350 2098 elytris
1380 2055 1468 2086 rufis
1497 2055 1554 2087 vel
1584 2053 1753 2086 testaceis
1782 2061 1819 2086 et
1843 2053 1962 2099 nigro<
1980 2065 2074 2097 pun-

524 2122 651 2155 ctatis:
702 2121 858 2165 ideoque
887 2121 1099 2165 disquisitio
1128 2121 1264 2154 haruin
1292 2122 1503 2166 specierum
1532 2121 1707 2154 intricata
1734 2128 1799 2153 est.

626 2190 664 2223 C.
697 2188 903 2234 Tristigma
938 2188 1204 2235 magnitudine
1239 2190 1401 2233 reliquos
1444 2200 1644 2232 eui·op.ie(›s
1680 2187 1780 2220 mihi
1815 2194 1922 2219 notos
1962 2187 2076 2233 longe

524 2263 684 2301 superat.
764 2256 910 2288 Thorax
953 2257 1077 2289 antice
1118 2257 1314 2302 angustior
1355 2265 1392 2289 et
1435 2264 1622 2288 antennae
1661 2255 1848 2300 pedesque
1890 2254 2074 2286 breviores

522 2335 635 2366 quam
664 2323 703 2355 in
732 2323 908 2367 reliquis3
955 2324 1159 2356 transitum
1187 2324 1306 2370 igitur
1333 2323 1609 2368 quodammodo
1638 2334 1657 2355 a
1687 2321 1823 2366 Clytris
1852 2321 1896 2354 ad
1922 2323 2074 2366 Crypto-

523 2390 694 2435 cephalos
724 2391 817 2423 bene
845 2391 1056 2423 constituit.

624 2458 765 2500 Corpus
795 2465 917 2490 totum
946 2470 1033 2491 cum
1060 2458 1216 2503 pedibus
1246 2466 1350 2491 atro·
1369 2458 1603 2500 coeruleum,
1654 2457 1743 2501 pilis
1775 2455 1896 2500 parvis
1926 2455 2071 2498 albidis,

520 2522 621 2568 vagis
641 2523 868 2567 adspersum.
910 2526 1048 2569 ‘Elytra
1069 2525 1182 2558 lineis
1211 2525 1397 2558 instructa
1420 2532 1510 2557 sunt
1530 2523 1702 2569 pluribus
1728 2522 2073 2569 longitudinalibus
