2325 3286
515 359 589 393 212

914 443 1309 487 Melolontha
1366 443 1653 499 hybrida.

1076 535 1154 564 Tab.
1181 535 1236 564 IX.
1267 534 1318 574 fig.
1344 536 1374 566 5.
1406 544 1485 564 mas.

507 637 598 671 Mel.
636 631 844 678 nigricans,
895 640 1006 674 supra
1040 640 1222 673 convexa3
1266 629 1400 662 thorax
1438 628 1563 662 hirtus
1600 629 1781 675 utrinque
1815 632 2059 668 rotundatus:

555 708 687 746 pectus
722 699 912 730 lanatum:
962 696 1146 729 abdomen
1177 696 1358 740 utrinque
1394 696 1729 730 albomaculatum:
1771 698 1887 732 tibiae
1914 700 2060 735 anticae

556 767 720 802 exterius
747 765 979 807 bidentatae,
1014 763 1179 807 posticae
1207 763 1248 796 in
1277 762 1402 795 medio
1431 763 1690 797 unidentatae:
1732 772 1919 799 antennae
1947 768 2061 801 maris

553 834 791 880 perfoliatae‚
832 830 934 862 foliis
968 830 1131 863 thoracis
1166 829 1425 875 longitudine:
1468 831 1586 874 elytra
1618 831 2059 879 ferrugineo-brunnea,

555 900 763 946 squamulis
794 896 1070 942 piliformibus⁷
1115 896 1246 942 griseis
1276 896 1388 929 dense
1416 908 1550 941 sparsa.

650 965 767 999 Blaris
810 963 1023 1007 capitulum
1066 970 1320 995 antennarum
1361 963 1675 1007 heptaphyllum:
1726 965 1916 1000 foeminae
1952 967 2060 1001 hexa-

553 1034 749 1078 phyllum,
789 1031 909 1062 breve.

502 1101 654 1134 Habitat
682 1099 724 1131 in
751 1096 960 1130 Lusitania.

605 1182 754 1227 Species
795 1179 1034 1225 praecedenti
1075 1177 1228 1222 quidem
1261 1189 1443 1223 perquam
1479 1179 1624 1224 affinis,
1677 1180 1741 1214 sed
1780 1188 1909 1215 tamen
1951 1185 2057 1217 omni

503 1252 585 1293 jure
613 1250 656 1282 ab
685 1260 726 1281 ea
755 1247 1023 1293 distinguenda
1051 1253 1087 1278 et
1115 1245 1255 1289 species
1283 1245 1496 1289 peculiaris.

603 1316 743 1349 Differt
769 1327 789 1347 a
816 1315 869 1347 M.
895 1324 1074 1358 papposa:
1133 1314 1167 1352 1)
1194 1313 1323 1355 clypeo
1352 1312 1477 1344 antice
1505 1323 1583 1344 non
1609 1313 1828 1358 rotundato,
1878 1315 1943 1349 sed
1969 1329 2055 1361 qua-

502 1383 605 1417 drato
640 1393 705 1414 seu
740 1387 842 1413 recta
872 1386 1045 1412 truncato
1079 1385 1116 1410 et
1148 1378 1252 1411 linea
1286 1378 1426 1411 elevata
1458 1386 1666 1412 transversa
1697 1381 1810 1424 plane
1837 1382 2056 1428 deficiente3

501 1453 540 1491 2)
569 1448 743 1482 antennis
772 1448 902 1490 maris,
947 1457 1107 1490 quarum
1139 1444 1291 1478 articuli
1325 1445 1457 1477 ultimi
1491 1446 1655 1490 foliacei,
1694 1447 1805 1480 tertia
1839 1457 1959 1494 parte,
2007 1462 2055 1483 ne

503 1517 625 1550 dicam
653 1515 826 1558 dimidia,
869 1514 1053 1547 breviores
1082 1520 1118 1545 et
1144 1512 1267 1544 multo
1294 1511 1423 1544 minus
1453 1514 1597 1546 curvati
1623 1521 1730 1557 sunt,
1770 1526 1883 1558 quam
1911 1515 1953 1549 in
1976 1528 2055 1562 spe-

503 1583 559 1616 cie
593 1582 857 1628 praecedente3
909 1584 948 1621 3)
990 1580 1095 1613 tibiis
1128 1579 1263 1611 anticis
1291 1579 1508 1623 latioribus,
1554 1580 1818 1625 validioribus3
1873 1584 1911 1619 4)
1947 1584 2051 1617 tibiis

502 1648 657 1695 posticis
685 1649 727 1680 in
756 1647 878 1680 medio
907 1647 1019 1679 dente
1044 1653 1145 1678 recto
1173 1645 1388 1689 instructis,
1431 1657 1503 1689 quo
1538 1647 1653 1678 altera
1687 1648 1828 1692 species
1857 1650 1970 1693 plane
1998 1663 2053 1684 ca-

501 1724 577 1760 ret-,3
630 1716 668 1756 5>
703 1716 824 1747 colore
860 1715 1083 1758 elytrorum,
1128 1712 1195 1756 qui
1230 1712 1272 1745 in
1305 1711 1481 1744 omnibus
1515 1713 1789 1758 speciminibus
1817 1716 1912 1749 meis
1939 1717 2051 1751 brun-

500 1794 593 1816 neus
620 1783 697 1815 sive
724 1780 1160 1826 obscuro-ferrugineus
1189 1787 1255 1812 est.

602 1848 865 1882 Clarissimum
899 1847 1098 1893 Illigerum
1134 1846 1232 1878 hanc
1267 1846 1432 1890 speciem
1464 1846 1541 1888 jam
1574 1848 1791 1893 cognovisse
1819 1856 1856 1882 et
1883 1849 1927 1883 de
1955 1862 1996 1884 ea
2023 1853 2046 1885 l.

500 1928 528 1949 c.
559 1927 641 1962 pag.
668 1917 754 1950 217.
785 1914 837 1948 sie
865 1915 1038 1947 locutum
1065 1924 1143 1946 esse
1171 1913 1296 1946 credo:
1344 1913 1411 1945 ”in
1440 1913 1667 1956 quibusdam
1694 1916 1966 1959 speciminibus
1995 1930 2049 1952 ca-

496 1982 665 2027 pitulum
692 1989 943 2015 antennarum
970 1981 1214 2025 pei'foliatum
1239 1981 1361 2013 multo
1389 1981 1529 2023 minus,
1557 1999 1604 2005 —·
1633 1981 1749 2014 tibiae
1773 1983 1919 2017 anticae
1942 1985 2048 2018 latio-

496 2060 552 2082 res
581 2056 618 2081 et
645 2049 854 2081 evidentius
883 2048 1089 2081 dentatae.’'
1166 2048 1293 2092 Quum
1326 2059 1411 2081 vero
1447 2047 1558 2080 series
1591 2048 1762 2092 plurium
1788 2050 2045 2095 speciminum

495 2115 692 2159 utriusque
720 2115 857 2160 speciei
884 2123 1100 2149 constanter
1131 2114 1289 2147 eandem
1323 2116 1457 2148 habeat
1489 2115 1649 2147 formam
1681 2123 1717 2148 et
1749 2117 1928 2151 transitus
1958 2121 2045 2153 alte-

496 2182 573 2216 rius
606 2183 651 2215 ad
684 2184 840 2216 alteram
873 2184 984 2227 plane
1021 2182 1134 2226 desit,
1182 2182 1419 2215 differentiae
1451 2193 1563 2227 supra
1591 2182 1780 2227 expositae
1807 2196 1884 2218 non
1910 2197 2043 2230 parvae

495 2249 590 2291 sint,
634 2250 768 2282 harum
795 2249 1006 2294 specierum
1033 2249 1289 2283 diversitatem
1318 2257 1419 2283 extra
1449 2261 1562 2284 omne
1590 2249 1749 2284 dubium
1776 2263 1854 2285 esse
1879 2253 2042 2298 positam

496 2316 612 2350 credo.
