2310 3292
1709 320 1782 353 199

335 418 600 448 Antennarum
641 412 793 446 articuli
832 411 950 458 primi
987 419 1148 455 quatuor
1183 412 1461 447 moniliformes
1501 415 1592 460 rufi,
1644 417 1782 461 reliqui

234 481 339 516 valde
365 480 513 524 serrati,
553 480 666 526 nigri.

334 549 484 582 Thorax
509 549 726 593 elongatus,
765 546 944 579 lateribus
971 545 1193 589 bisinuatis,
1241 545 1384 591 postice
1417 548 1523 582 valde
1557 556 1779 583 coarctatus:

231 623 332 649 totus
361 615 479 649 rufus.

329 684 357 716 F
361 693 485 716 emora
510 692 599 713 cum
625 678 729 712 tibiis
757 679 883 725 nigra:
923 679 1012 712 tarsi
1039 679 1280 712 rufeseentes.

330 750 459 793 Elytra
489 747 614 793 nigra,
667 746 908 791 glaberrima,
960 745 1103 788 nitida;
1156 745 1199 777 in
1233 744 1359 777 medio
1399 748 1458 780 vel
1491 747 1618 791 potius
1651 749 1780 792 paullo

228 816 382 862 propius
409 814 488 848 basi
521 821 576 846 est
602 812 716 845 fascia
743 813 963 856 latiuscula,
1006 811 1216 856 albissima,
1255 813 1359 846 haud
1381 820 1548 857 curvata,
1589 825 1683 857 quae
1703 826 1779 848 non

229 895 249 916 e
272 882 362 927 pilis
390 881 484 914 albis
511 887 675 923 constat,
716 879 781 912 sed
808 890 852 912 ex
880 879 961 924 ipsa
988 879 1101 923 elytri
1127 879 1295 913 materie.
1369 879 1582 913 Scutellum
1609 891 1777 926 parvum,

227 948 490 993 rotundatum,
536 947 737 981 rufescens.

624 1150 846 1191 Clerus
906 1150 1382 1191 transversalis.

843 1238 924 1268 Τὼ.
953 1239 1009 1268 VI.
1042 1238 1095 1278 fig.
1124 1242 1156 1271 2.

225 1322 280 1356 Cl.
308 1319 433 1365 niger,
473 1315 760 1363 griseopilosus:
802 1315 930 1360 elytris
958 1314 1216 1361 irregulariter
1242 1315 1495 1361 punctulatis,
1536 1315 1615 1349 basi
1643 1317 1775 1361 rubris,

272 1387 388 1421 fascia
414 1384 496 1418 alba
523 1394 648 1416 versus
676 1383 840 1427 apicem,
882 1382 1072 1428 margines
1101 1382 1212 1425 elytri
1243 1394 1322 1416 non
1348 1390 1539 1429 tangente.

370 1451 481 1489 Illiger
502 1450 537 1477 in
557 1448 681 1477 litteris.

371 1506 532 1538 Schoenh.
557 1506 651 1535 Tom.
676 1507 719 1535 ΙΙ.
750 1515 820 1544 pag.
845 1504 897 1536 46.
943 1505 1028 1533 Cler.
1051 1505 1256 1533 unifasciatus
1283 1513 1346 1532 var.
1371 1507 1408 1545 β,
1477 1503 1610 1542 (Clerus
1642 1513 1774 1542 corpore

461 1565 561 1603 duplo
589 1565 727 1601 majore,
769 1564 865 1592 fascia
893 1572 953 1590 nec
981 1564 1163 1602 marginem
1190 1572 1251 1591 nec
1278 1569 1422 1591 suturam
1451 1562 1636 1600 attingente.
1690 1563 1769 1591 Oliv.

459 1623 535 1651 Ent.
560 1623 616 1651 IV.
639 1633 671 1661 p.
697 1625 746 1654 17.
770 1625 820 1655 21.
871 1621 1004 1649 Habitat
1024 1622 1058 1649 in
1079 1620 1224 1659 Algier.)

368 1682 503 1719 Dejean.
538 1690 608 1720 pag.
633 1681 683 1714 41.
730 1681 814 1710 Cler.
839 1678 1075 1719 Myrmecodes.
1120 1678 1386 1717 Hoffmannsegg.
1408 1694 1451 1700 —
1473 1678 1521 1707 Cl.
1546 1677 1769 1706 transversam.

458 1739 610 1778 Hellwig.

217 1799 372 1833 Habitat
397 1799 439 1832 in
466 1798 681 1843 Lusitania,
721 1797 923 1843 Hispania,
966 1795 1134 1829 Brasilia.

321 1885 419 1917 Cum
453 1894 546 1927 opus
580 1882 736 1915 Olivieri
771 1880 871 1913 mihi
903 1890 982 1912 non
1017 1879 1068 1911 sit
1103 1878 1148 1911 acl
1188 1888 1340 1916 manus,
1393 1889 1412 1910 e
1446 1877 1535 1911 solis
1570 1875 1769 1909 clarissimi

218 1949 469 1984 Schoenherri
494 1949 614 1983 verbis
643 1948 844 1990 concludo,
887 1945 1098 1979 Olivierum
1125 1945 1149 1978 1.
1176 1956 1206 1978 c.
1233 1944 1338 1976 hunc
1366 1945 1520 1978 Clerum
1546 1950 1767 1976 transversa-

216 2018 294 2051 lem
321 2017 365 2049 ob
390 2017 517 2049 oculos
544 2015 719 2048 habuisse
747 2021 784 2047 et
810 2013 1030 2047 varietatem
1053 2011 1153 2044 Cleri
1180 2009 1397 2043 unifasciati
1418 2011 1520 2043 Fabr.
1547 2020 1626 2041 esse
1653 2009 1767 2042 credi-

217 2083 325 2117 disse.
401 2084 469 2116 Est
501 2093 587 2115 vero
619 2092 770 2127 prorsus
803 2081 908 2113 aliud
943 2079 1134 2112 insectum
1168 2085 1206 2110 et
1247 2088 1356 2110 verus
1392 2077 1540 2119 Clerus,
1590 2086 1677 2108 cum
1711 2076 1763 2108 Cl.

216 2149 465 2183 unifasciatus
491 2149 593 2182 Fabr.
622 2148 667 2180 ob
695 2154 949 2180 antennarum
975 2153 1204 2179 structuram
1231 2143 1345 2177 Tillis
1372 2142 1423 2175 sit
1450 2142 1763 2181 adnumerandus,

216 2216 315 2260 quod
341 2223 379 2248 et
399 2215 577 2249 Latreille
603 2221 642 2248 et
667 2213 735 2247 alii
760 2215 892 2248 fecere.
944 2213 1066 2254 (Latr.
1095 2212 1191 2245 Gen.
1220 2211 1329 2244 Tom.
1356 2211 1384 2243 Ι.
1419 2219 1503 2254 pag.
1527 2210 1635 2248 269.)

315 2282 465 2315 Statura
495 2289 533 2315 et
564 2281 832 2328 magnitudine
860 2281 1015 2314 Clerum
1041 2278 1299 2312 mutillarium
1324 2276 1402 2309 fere
1428 2282 1575 2318 aequat:
1624 2281 1679 2307 est
1706 2274 1761 2306 ni-

214 2360 294 2395 ger,
334 2347 497 2386 nitidus,
536 2349 627 2392 pilis
655 2348 938 2382 canescentibus
965 2346 1043 2380 sive
1070 2345 1201 2392 griseis
1228 2343 1387 2389 sparsim
1413 2349 1546 2374 tectus.

315 2415 445 2459 Elytra
469 2414 624 2459 punctis
649 2415 847 2460 plurimis,
886 2414 1027 2459 parvis,
1061 2411 1270 2457 impressis,
1307 2408 1593 2455 irregularibus,
1632 2407 1673 2440 in
1701 2420 1759 2441 ru-

213 2483 390 2528 gularum
415 2482 492 2515 fere
517 2482 613 2515 form
619 2493 689 2515 am.
