2310 3292
1709 339 1783 373 217

661 430 845 471 Acis
906 429 1357 472 discoides.

382 537 544 568 Schoenh.
574 538 668 568 Tom.
694 539 718 567 1.
751 548 821 578 pag.
848 539 917 571 138.
962 537 1144 577 Descriptio
1172 539 1207 567 in
1227 540 1442 568 annotatione.

330 614 438 648 Hanc
464 615 621 648 Acidem
647 625 735 646 cum
761 613 934 657 pluribus
963 613 1047 646 aliis
1072 613 1289 658 Hispanicis
1318 622 1354 647 et
1380 614 1524 648 Italicis
1552 624 1688 660 magno
1712 626 1781 648 nu-

230 692 331 715 mero
353 688 484 715 nactus
502 692 598 714 sum.
666 679 864 712 Observavi
888 679 989 711 inter
1010 679 1076 712 has
1106 687 1142 712 et
1170 680 1259 713 alias
1283 680 1414 713 Acides
1439 681 1663 725 specimina,
1702 682 1782 725 qui-

229 749 297 782 bus
317 759 361 781 ex
379 747 589 781 abdominis
614 746 720 791 apice
741 745 929 791 prostabat
951 747 1220 789 corpusculum
1243 753 1417 789 acutum,
1445 747 1569 790 breve,
1597 748 1780 793 glabrum,

227 816 396 857 luteum,
435 813 597 846 bifidum
630 820 668 845 et
699 812 741 845 in
773 812 853 845 basi
884 811 973 856 pilis
1006 811 1139 857 rigidis
1167 811 1455 844 circumdatum.
1533 813 1639 857 Quod
1666 826 1783 847 mem-

227 883 337 915 brum
364 891 442 913 esse
466 879 576 912 virile
604 879 728 922 credo,
771 879 884 922 idque
913 889 954 911 eo
983 878 1122 923 magis,
1164 879 1261 922 quod
1288 879 1499 923 specimina
1528 890 1570 912 eo
1598 879 1783 913 instructa

229 947 413 981 abdomen
447 946 589 979 habent
626 945 842 992 angustius,
892 944 1089 990 gracilius,
1139 947 1248 989 quale
1283 947 1509 990 plerumque
1542 946 1584 978 in
1617 945 1782 979 maribus

230 1026 309 1048 esse
337 1015 442 1047 solet.
521 1012 628 1045 Talia
660 1012 870 1056 specimina
901 1011 1043 1044 habent
1075 1011 1239 1044 thoracis
1268 1013 1425 1058 angulos
1453 1013 1616 1057 posticos
1644 1014 1783 1046 acutio—

227 1092 301 1123 res,
350 1079 538 1125 longiores
566 1090 680 1124 quam
707 1078 870 1123 reliqua,
917 1077 984 1122 qui
1018 1078 1152 1124 anguli
1178 1079 1365 1125 longiores
1394 1079 1513 1125 igitur
1539 1080 1647 1125 signa
1674 1091 1782 1113 sexus

228 1147 388 1181 masculi
415 1158 493 1179 esse
520 1146 708 1179 videntur.

330 1213 484 1259 Quaerit
512 1213 624 1246 celeb.
646 1211 891 1245 Schoenherr.
920 1211 945 1244 1.
974 1222 1003 1243 c.
1031 1222 1079 1244 an
1106 1212 1191 1244 Acis
1220 1211 1402 1245 discoides
1431 1213 1585 1246 fortasse
1613 1214 1662 1246 sit
1691 1216 1783 1247 alter

228 1291 335 1313 sexus
375 1278 500 1312 Acidis
535 1279 707 1323 spinosae
740 1277 799 1310 vel
835 1277 894 1309 Ac.
932 1277 1195 1312 acuminatae?
1273 1279 1352 1324 Ego
1386 1279 1542 1312 Acidem
1577 1279 1783 1313 discoidem

229 1346 336 1380 credo
371 1345 478 1378 omni
510 1346 592 1388 jure
624 1344 854 1388 peculiarem
882 1355 959 1376 esse
986 1345 1166 1389 speciem,
1215 1357 1303 1378 cum
1332 1346 1412 1386 ejus
1441 1352 1477 1377 et
1504 1345 1673 1389 priorum
1700 1348 1782 1380 Aci-

229 1413 284 1447 dis
309 1412 520 1457 specierum
545 1411 753 1457 specimina
784 1418 821 1443 et
852 1411 1041 1444 masculae
1068 1420 1106 1445 et
1130 1412 1350 1445 foemineae
1374 1420 1583 1446 structurae
1611 1414 1779 1448 habeam.

604 1615 872 1669 Blaps
944 1616 1400 1671 clypeata.

699 1706 777 1735 Tab.
793 1708 830 1736 V.
856 1706 907 1746 fig.
922 1709 951 1738 3.
998 1706 1013 1723 *
1037 1707 1164 1746 clypeus
1183 1713 1302 1735 auctus.

229 1784 281 1816 Bl.
310 1784 471 1828 oblonga
498 1790 591 1826 atra,
632 1793 762 1827 opaca:
806 1785 936 1828 clypeo
965 1795 1075 1828 supra
1103 1783 1287 1828 profunde
1316 1784 1523 1828 exsculpto:
1563 1785 1690 1828 ely-tris
1720 1787 1779 1817 ob-

280 1850 393 1893 tusis,
438 1861 527 1895 vage
555 1849 778 1883 substriatis.

380 1915 462 1953 Illig.
477 1915 524 1941 ·in
546 1914 669 1943 litteris.

379 1973 490 2001 Germ.
516 1972 599 2011 Mag.
629 1972 724 2002 Tom.
749 1973 773 2001 Ι.
804 1981 874 2013 pag.
902 1976 970 2006 122.

230 2032 383 2065 Habitat
410 2032 452 2064 in
473 2031 680 2066 Lusitania.

330 2099 443 2142 Blape
483 2098 685 2145 mortisaga
725 2098 867 2132 minor:
923 2105 1035 2142 caput
1074 2100 1248 2143 planum,
1305 2100 1428 2133 antice
1475 2101 1779 2147 subaugulatum.

230 2166 340 2199 Oculi
366 2165 483 2210 plani.
565 2166 701 2210 Clypeo
729 2177 840 2211 supra
868 2165 1049 2210 impressa
1077 2174 1131 2199 est
1164 2168 1303 2201 fossula
1332 2175 1553 2208 transversa,
1595 2169 1778 2212 profunde

232 2232 353 2265 excisa
390 2244 456 2266 seu
494 2234 704 2277 exsculpta,
757 2241 844 2266 ante
884 2233 1011 2266 oculos
1051 2234 1190 2278 posita,
1240 2234 1282 2265 in
1325 2246 1431 2267 crura
1474 2234 1603 2268 tenuia
1638 2237 1776 2280 exiens,

232 2310 326 2343 quae
352 2300 491 2345 angulo
519 2300 613 2333 flexo
641 2300 765 2345 clypei
791 2300 1002 2346 marginem
1030 2308 1229 2334 externum
1257 2301 1464 2347 attingunt.

333 2366 482 2406 Thorax
516 2367 805 2411 aequilateralis,
853 2368 975 2401 antice
1010 2379 1211 2412 perparum
1244 2375 1467 2400 coarctatus:
1522 2369 1777 2414 subglobosus,

232 2433 410 2466 lateribus
446 2434 662 2478 paullulum
694 2435 923 2468 rotundatis:
969 2435 1156 2478 undique,
1204 2434 1266 2466 sed
1301 2446 1378 2467 non
1413 2435 1555 2478 amice,
1595 2436 1779 2481 margina-

234 2508 305 2533 tus.
358 2500 519 2546 Angulis
547 2500 682 2534 anticis
711 2501 871 2546 obtusis,
899 2502 1053 2546 posticis
1082 2501 1325 2534 subacutulis.
1378 2502 1588 2535 Scutellum
1614 2503 1782 2537 nullum.

1333 2571 1380 2603 28
