<?xml version="1.0" encoding="UTF-8"?>
<!DOCTYPE html PUBLIC "-//W3C//DTD XHTML 1.0 Transitional//EN"
    "http://www.w3.org/TR/xhtml1/DTD/xhtml1-transitional.dtd">
<html xmlns="http://www.w3.org/1999/xhtml" xml:lang="en" lang="en">
 <head>
  <title>
</title>
<meta http-equiv="Content-Type" content="text/html;charset=utf-8" />
  <meta name='ocr-system' content='tesseract 3.04.00' />
  <meta name='ocr-capabilities' content='ocr_page ocr_carea ocr_par ocr_line ocrx_word'/>
</head>
<body>
  <div class='ocr_page' id='page_1' title='image "./horaeentomologic00char/horaeentomologic00char_0035.png"; bbox 0 0 2310 3292; ppageno 0'>
   <div class='ocr_carea' id='block_1_1' title="bbox 1707 326 1776 359">
    <p class='ocr_par' dir='ltr' id='par_1_1' title="bbox 1707 326 1776 359">
     <span class='ocr_line' id='line_1_1' title="bbox 1707 326 1776 359; baseline 0.029 -2"><span class='ocrx_word' id='word_1_1' title='bbox 1707 326 1776 359; x_wconf 83' lang='lat'>193</span> 
     </span>
    </p>
   </div>
   <div class='ocr_carea' id='block_1_2' title="bbox 221 420 1780 1000">
    <p class='ocr_par' dir='ltr' id='par_1_2' title="bbox 221 420 1780 1000">
     <span class='ocr_line' id='line_1_2' title="bbox 332 420 1780 470; baseline 0 -14"><span class='ocrx_word' id='word_1_2' title='bbox 332 424 454 457; x_wconf 85' lang='lat' dir='ltr'>Celeb.</span> <span class='ocrx_word' id='word_1_3' title='bbox 483 423 612 469; x_wconf 78' lang='lat' dir='ltr'>Illiger</span> <span class='ocrx_word' id='word_1_4' title='bbox 641 423 682 455; x_wconf 89' lang='lat' dir='ltr'>in</span> <span class='ocrx_word' id='word_1_5' title='bbox 709 421 870 454; x_wconf 84' lang='lat' dir='ltr'>introitu</span> <span class='ocrx_word' id='word_1_6' title='bbox 900 421 1156 454; x_wconf 76' lang='lat' dir='ltr'>translationis</span> <span class='ocrx_word' id='word_1_7' title='bbox 1185 420 1306 466; x_wconf 85' lang='lat' dir='ltr'>operis</span> <span class='ocrx_word' id='word_1_8' title='bbox 1328 420 1536 454; x_wconf 86' lang='lat' dir='ltr'>Oliveriani</span> <span class='ocrx_word' id='word_1_9' title='bbox 1559 428 1595 453; x_wconf 87' lang='lat' dir='ltr'>et</span> <span class='ocrx_word' id='word_1_10' title='bbox 1618 421 1659 454; x_wconf 89' lang='lat' dir='ltr'>in</span> <span class='ocrx_word' id='word_1_11' title='bbox 1680 424 1780 470; x_wconf 80' lang='lat' dir='ltr'>Mag.</span> 
     </span>
     <span class='ocr_line' id='line_1_3' title="bbox 226 488 1780 535; baseline 0 -12"><span class='ocrx_word' id='word_1_12' title='bbox 226 491 286 523; x_wconf 88' lang='lat' dir='ltr'>IV.</span> <span class='ocrx_word' id='word_1_13' title='bbox 314 500 397 535; x_wconf 85' lang='lat' dir='ltr'>pag.</span> <span class='ocrx_word' id='word_1_14' title='bbox 424 492 505 525; x_wconf 78' lang='lat'><strong>193.</strong></span> <span class='ocrx_word' id='word_1_15' title='bbox 532 491 664 535; x_wconf 86' lang='lat' dir='ltr'>Lamp.</span> <span class='ocrx_word' id='word_1_16' title='bbox 690 489 839 521; x_wconf 77' lang='lat' dir='ltr'>italicae</span> <span class='ocrx_word' id='word_1_17' title='bbox 866 488 1074 521; x_wconf 80' lang='lat' dir='ltr'>foeminam</span> <span class='ocrx_word' id='word_1_18' title='bbox 1101 499 1179 520; x_wconf 88' lang='lat' dir='ltr'>non</span> <span class='ocrx_word' id='word_1_19' title='bbox 1206 495 1373 532; x_wconf 85' lang='lat' dir='ltr'>apteram</span> <span class='ocrx_word' id='word_1_20' title='bbox 1402 499 1479 521; x_wconf 90' lang='lat' dir='ltr'>esse</span> <span class='ocrx_word' id='word_1_21' title='bbox 1507 488 1611 521; x_wconf 83' lang='lat' dir='ltr'>dicit.</span> <span class='ocrx_word' id='word_1_22' title='bbox 1671 490 1780 523; x_wconf 85' lang='lat' dir='ltr'>Rossi</span> 
     </span>
     <span class='ocr_line' id='line_1_4' title="bbox 226 554 1778 601; baseline 0 -12"><span class='ocrx_word' id='word_1_23' title='bbox 226 565 355 590; x_wconf 86' lang='lat' dir='ltr'>contra</span> <span class='ocrx_word' id='word_1_24' title='bbox 383 558 406 589; x_wconf 91' lang='grc'>1.</span> <span class='ocrx_word' id='word_1_25' title='bbox 435 568 464 589; x_wconf 90' lang='lat' dir='ltr'>c.</span> <span class='ocrx_word' id='word_1_26' title='bbox 501 557 554 590; x_wconf 88' lang='lat' dir='ltr'>sic</span> <span class='ocrx_word' id='word_1_27' title='bbox 582 556 769 600; x_wconf 82' lang='lat' dir='ltr'>loquitur:</span> <span class='ocrx_word' id='word_1_28' title='bbox 818 554 1007 586; x_wconf 76' lang='lat' dir='ltr'>”foemina</span> <span class='ocrx_word' id='word_1_29' title='bbox 1036 561 1182 597; x_wconf 82' lang='lat' dir='ltr'>aptera,</span> <span class='ocrx_word' id='word_1_30' title='bbox 1233 555 1359 600; x_wconf 81' lang='lat' dir='ltr'>nigra,</span> <span class='ocrx_word' id='word_1_31' title='bbox 1404 555 1556 601; x_wconf 83' lang='lat' dir='ltr'>singulo</span> <span class='ocrx_word' id='word_1_32' title='bbox 1583 565 1778 601; x_wconf 84' lang='lat' dir='ltr'>segmento</span> 
     </span>
     <span class='ocr_line' id='line_1_5' title="bbox 225 620 1777 668; baseline -0.001 -11"><span class='ocrx_word' id='word_1_33' title='bbox 225 624 373 657; x_wconf 82' lang='lat' dir='ltr'>macula</span> <span class='ocrx_word' id='word_1_34' title='bbox 415 623 596 668; x_wconf 86' lang='lat' dir='ltr'>utrinque</span> <span class='ocrx_word' id='word_1_35' title='bbox 632 620 834 666; x_wconf 78' lang='lat' dir='ltr'>marginali</span> <span class='ocrx_word' id='word_1_36' title='bbox 876 621 1136 654; x_wconf 82' lang='lat' dir='ltr'>flavescente&#39;’.</span> <span class='ocrx_word' id='word_1_37' title='bbox 1214 621 1304 654; x_wconf 84' lang='lat' dir='ltr'>Sine</span> <span class='ocrx_word' id='word_1_38' title='bbox 1344 621 1457 654; x_wconf 90' lang='lat' dir='ltr'>dubio</span> <span class='ocrx_word' id='word_1_39' title='bbox 1494 622 1603 655; x_wconf 82' lang='lat' dir='ltr'>Rossi</span> <span class='ocrx_word' id='word_1_40' title='bbox 1636 623 1777 656; x_wconf 80' lang='lat' dir='ltr'>larvam</span> 
     </span>
     <span class='ocr_line' id='line_1_6' title="bbox 224 686 1778 733; baseline -0.001 -9"><span class='ocrx_word' id='word_1_41' title='bbox 224 691 339 733; x_wconf 80' lang='lat' dir='ltr'>hujus</span> <span class='ocrx_word' id='word_1_42' title='bbox 378 691 514 724; x_wconf 89' lang='lat' dir='ltr'>insecti</span> <span class='ocrx_word' id='word_1_43' title='bbox 546 690 625 731; x_wconf 86' lang='lat' dir='ltr'>ejus</span> <span class='ocrx_word' id='word_1_44' title='bbox 661 699 739 720; x_wconf 86' lang='lat' dir='ltr'>esse</span> <span class='ocrx_word' id='word_1_45' title='bbox 772 686 979 720; x_wconf 83' lang='lat' dir='ltr'>foeminam</span> <span class='ocrx_word' id='word_1_46' title='bbox 1006 689 1182 732; x_wconf 83' lang='lat' dir='ltr'>putabat,</span> <span class='ocrx_word' id='word_1_47' title='bbox 1223 695 1260 720; x_wconf 90' lang='lat' dir='ltr'>et</span> <span class='ocrx_word' id='word_1_48' title='bbox 1288 687 1329 719; x_wconf 87' lang='lat' dir='ltr'>in</span> <span class='ocrx_word' id='word_1_49' title='bbox 1357 688 1488 720; x_wconf 86' lang='lat' dir='ltr'>eodem</span> <span class='ocrx_word' id='word_1_50' title='bbox 1515 700 1635 722; x_wconf 85' lang='lat' dir='ltr'>errore</span> <span class='ocrx_word' id='word_1_51' title='bbox 1662 701 1778 723; x_wconf 82' lang='lat' dir='ltr'>versa-</span> 
     </span>
     <span class='ocr_line' id='line_1_7' title="bbox 223 753 1777 801; baseline -0.001 -10"><span class='ocrx_word' id='word_1_52' title='bbox 223 758 349 801; x_wconf 88' lang='lat' dir='ltr'>batur,</span> <span class='ocrx_word' id='word_1_53' title='bbox 391 757 432 790; x_wconf 89' lang='lat' dir='ltr'>in</span> <span class='ocrx_word' id='word_1_54' title='bbox 466 767 539 800; x_wconf 89' lang='lat' dir='ltr'>quo</span> <span class='ocrx_word' id='word_1_55' title='bbox 574 755 744 788; x_wconf 85' lang='lat' dir='ltr'>Linneus</span> <span class='ocrx_word' id='word_1_56' title='bbox 781 753 1018 787; x_wconf 87' lang='lat' dir='ltr'>immortalis.</span> <span class='ocrx_word' id='word_1_57' title='bbox 1096 754 1219 786; x_wconf 77' lang='lat' dir='ltr'>Mares</span> <span class='ocrx_word' id='word_1_58' title='bbox 1253 753 1389 797; x_wconf 82' lang='lat' dir='ltr'>habeo,</span> <span class='ocrx_word' id='word_1_59' title='bbox 1434 754 1617 788; x_wconf 84' lang='lat' dir='ltr'>foeminas</span> <span class='ocrx_word' id='word_1_60' title='bbox 1645 763 1682 789; x_wconf 83' lang='lat' dir='ltr'>et</span> <span class='ocrx_word' id='word_1_61' title='bbox 1708 758 1777 790; x_wconf 85' lang='lat' dir='ltr'>lar-</span> 
     </span>
     <span class='ocr_line' id='line_1_8' title="bbox 224 819 1774 867; baseline 0 -11"><span class='ocrx_word' id='word_1_62' title='bbox 224 835 308 857; x_wconf 84' lang='lat' dir='ltr'>vam</span> <span class='ocrx_word' id='word_1_63' title='bbox 334 824 449 865; x_wconf 85' lang='lat' dir='ltr'>hujus</span> <span class='ocrx_word' id='word_1_64' title='bbox 477 820 732 866; x_wconf 82' lang='lat' dir='ltr'>Lampyridis:</span> <span class='ocrx_word' id='word_1_65' title='bbox 776 821 927 853; x_wconf 83' lang='lat' dir='ltr'>aculeus</span> <span class='ocrx_word' id='word_1_66' title='bbox 954 820 1013 853; x_wconf 87' lang='lat' dir='ltr'>vel</span> <span class='ocrx_word' id='word_1_67' title='bbox 1041 820 1174 853; x_wconf 87' lang='lat' dir='ltr'>ductus</span> <span class='ocrx_word' id='word_1_68' title='bbox 1203 819 1375 864; x_wconf 82' lang='lat' dir='ltr'>oviparus</span> <span class='ocrx_word' id='word_1_69' title='bbox 1410 820 1598 854; x_wconf 81' lang='lat' dir='ltr'>foeminae</span> <span class='ocrx_word' id='word_1_70' title='bbox 1626 822 1668 855; x_wconf 89' lang='lat' dir='ltr'>in</span> <span class='ocrx_word' id='word_1_71' title='bbox 1696 834 1774 867; x_wconf 88' lang='lat' dir='ltr'>spe-</span> 
     </span>
     <span class='ocr_line' id='line_1_9' title="bbox 225 887 1774 934; baseline 0 -12"><span class='ocrx_word' id='word_1_72' title='bbox 225 889 431 923; x_wconf 86' lang='lat' dir='ltr'>ciminibus</span> <span class='ocrx_word' id='word_1_73' title='bbox 468 888 615 922; x_wconf 83' lang='lat' dir='ltr'>siccatis</span> <span class='ocrx_word' id='word_1_74' title='bbox 648 889 760 934; x_wconf 83' lang='lat' dir='ltr'>longe</span> <span class='ocrx_word' id='word_1_75' title='bbox 795 894 938 932; x_wconf 76' lang='lat' dir='ltr'>prostat</span> <span class='ocrx_word' id='word_1_76' title='bbox 973 894 1010 919; x_wconf 81' lang='lat' dir='ltr'>et</span> <span class='ocrx_word' id='word_1_77' title='bbox 1038 887 1142 931; x_wconf 87' lang='lat' dir='ltr'>apice</span> <span class='ocrx_word' id='word_1_78' title='bbox 1169 888 1336 920; x_wconf 87' lang='lat' dir='ltr'>hamulis</span> <span class='ocrx_word' id='word_1_79' title='bbox 1365 887 1508 920; x_wconf 87' lang='lat' dir='ltr'>duobus</span> <span class='ocrx_word' id='word_1_80' title='bbox 1537 888 1774 932; x_wconf 84' lang='lat' dir='ltr'>distantibus,</span> 
     </span>
     <span class='ocr_line' id='line_1_10' title="bbox 221 954 1775 1000; baseline -0.001 -11"><span class='ocrx_word' id='word_1_81' title='bbox 221 955 350 1000; x_wconf 82' lang='lat' dir='ltr'>rectis,</span> <span class='ocrx_word' id='word_1_82' title='bbox 394 955 602 988; x_wconf 85' lang='lat' dir='ltr'>instructus</span> <span class='ocrx_word' id='word_1_83' title='bbox 636 962 702 988; x_wconf 85' lang='lat' dir='ltr'>est.</span> <span class='ocrx_word' id='word_1_84' title='bbox 780 955 959 987; x_wconf 80' lang='lat' dir='ltr'>Foemina</span> <span class='ocrx_word' id='word_1_85' title='bbox 991 954 1087 986; x_wconf 84' lang='lat' dir='ltr'>mari</span> <span class='ocrx_word' id='word_1_86' title='bbox 1120 954 1335 998; x_wconf 83' lang='lat' dir='ltr'>simillima,</span> <span class='ocrx_word' id='word_1_87' title='bbox 1382 955 1444 988; x_wconf 92' lang='lat' dir='ltr'>sed</span> <span class='ocrx_word' id='word_1_88' title='bbox 1478 956 1602 988; x_wconf 85' lang='lat' dir='ltr'>multo</span> <span class='ocrx_word' id='word_1_89' title='bbox 1636 955 1775 989; x_wconf 87' lang='lat' dir='ltr'>minor.</span> 
     </span>
    </p>
   </div>
   <div class='ocr_carea' id='block_1_3' title="bbox 215 1020 1773 1484">
    <p class='ocr_par' dir='ltr' id='par_1_3' title="bbox 220 1020 1773 1123">
     <span class='ocr_line' id='line_1_11' title="bbox 220 1020 1773 1067; baseline 0 -12"><span class='ocrx_word' id='word_1_90' title='bbox 220 1023 348 1063; x_wconf 85' lang='lat' dir='ltr'>Rossi,</span> <span class='ocrx_word' id='word_1_91' title='bbox 388 1021 513 1055; x_wconf 75' lang='lat' dir='ltr'>Linne</span> <span class='ocrx_word' id='word_1_92' title='bbox 541 1030 578 1056; x_wconf 87' lang='lat' dir='ltr'>et</span> <span class='ocrx_word' id='word_1_93' title='bbox 606 1022 737 1055; x_wconf 86' lang='lat' dir='ltr'>Sulzer</span> <span class='ocrx_word' id='word_1_94' title='bbox 765 1021 808 1054; x_wconf 88' lang='lat' dir='ltr'>de</span> <span class='ocrx_word' id='word_1_95' title='bbox 836 1020 1002 1053; x_wconf 80' lang='lat' dir='ltr'>foemina</span> <span class='ocrx_word' id='word_1_96' title='bbox 1029 1021 1224 1064; x_wconf 84' lang='lat' dir='ltr'>loquentes</span> <span class='ocrx_word' id='word_1_97' title='bbox 1258 1022 1398 1054; x_wconf 84' lang='lat' dir='ltr'>larvam</span> <span class='ocrx_word' id='word_1_98' title='bbox 1425 1022 1587 1066; x_wconf 82' lang='lat' dir='ltr'>perbene</span> <span class='ocrx_word' id='word_1_99' title='bbox 1614 1021 1773 1067; x_wconf 83' lang='lat' dir='ltr'>descrip-</span> 
     </span>
     <span class='ocr_line' id='line_1_12' title="bbox 220 1097 360 1123; baseline 0 -1"><span class='ocrx_word' id='word_1_100' title='bbox 220 1097 360 1123; x_wconf 86' lang='lat' dir='ltr'>serunt.</span> 
     </span>
    </p>

    <p class='ocr_par' dir='ltr' id='par_1_4' title="bbox 215 1169 1771 1484">
     <span class='ocr_line' id='line_1_13' title="bbox 321 1169 1771 1216; baseline -0.001 -10"><span class='ocrx_word' id='word_1_101' title='bbox 321 1173 432 1206; x_wconf 85' lang='lat' dir='ltr'>Plura</span> <span class='ocrx_word' id='word_1_102' title='bbox 457 1172 571 1213; x_wconf 81' lang='lat' dir='ltr'>hujus</span> <span class='ocrx_word' id='word_1_103' title='bbox 599 1169 836 1214; x_wconf 76' lang='lat' dir='ltr'>Lampyridis</span> <span class='ocrx_word' id='word_1_104' title='bbox 865 1170 1074 1214; x_wconf 83' lang='lat' dir='ltr'>specimina</span> <span class='ocrx_word' id='word_1_105' title='bbox 1106 1170 1150 1203; x_wconf 85' lang='lat' dir='ltr'>in</span> <span class='ocrx_word' id='word_1_106' title='bbox 1184 1169 1294 1203; x_wconf 72' lang='lat' dir='ltr'>Italia</span> <span class='ocrx_word' id='word_1_107' title='bbox 1326 1177 1477 1216; x_wconf 85' lang='lat' dir='ltr'>accepta</span> <span class='ocrx_word' id='word_1_108' title='bbox 1506 1179 1544 1204; x_wconf 83' lang='lat' dir='ltr'>et</span> <span class='ocrx_word' id='word_1_109' title='bbox 1570 1173 1678 1216; x_wconf 82' lang='lat' dir='ltr'>plura</span> <span class='ocrx_word' id='word_1_110' title='bbox 1704 1171 1771 1206; x_wconf 89' lang='lat' dir='ltr'>ibi-</span> 
     </span>
     <span class='ocr_line' id='line_1_14' title="bbox 220 1237 1769 1285; baseline 0 -13"><span class='ocrx_word' id='word_1_111' title='bbox 220 1240 305 1273; x_wconf 88' lang='lat' dir='ltr'>dem</span> <span class='ocrx_word' id='word_1_112' title='bbox 339 1240 382 1271; x_wconf 88' lang='lat' dir='ltr'>in</span> <span class='ocrx_word' id='word_1_113' title='bbox 416 1237 556 1270; x_wconf 88' lang='lat' dir='ltr'>museis</span> <span class='ocrx_word' id='word_1_114' title='bbox 591 1237 668 1270; x_wconf 82' lang='lat' dir='ltr'>visa</span> <span class='ocrx_word' id='word_1_115' title='bbox 703 1237 832 1269; x_wconf 85' lang='lat' dir='ltr'>omnia</span> <span class='ocrx_word' id='word_1_116' title='bbox 865 1238 982 1270; x_wconf 80' lang='lat' dir='ltr'>talem</span> <span class='ocrx_word' id='word_1_117' title='bbox 1009 1237 1196 1270; x_wconf 80' lang='lat' dir='ltr'>habebant</span> <span class='ocrx_word' id='word_1_118' title='bbox 1221 1237 1430 1281; x_wconf 79' lang='lat' dir='ltr'>picturam,</span> <span class='ocrx_word' id='word_1_119' title='bbox 1470 1238 1621 1281; x_wconf 85' lang='lat' dir='ltr'>qualem</span> <span class='ocrx_word' id='word_1_120' title='bbox 1647 1239 1710 1285; x_wconf 81' lang='lat' dir='ltr'>fig.</span> <span class='ocrx_word' id='word_1_121' title='bbox 1736 1239 1769 1274; x_wconf 88' lang='lat'>5.</span> 
     </span>
     <span class='ocr_line' id='line_1_15' title="bbox 220 1303 1770 1348; baseline -0.001 -9"><span class='ocrx_word' id='word_1_122' title='bbox 220 1314 255 1339; x_wconf 82' lang='lat' dir='ltr'>et</span> <span class='ocrx_word' id='word_1_123' title='bbox 282 1309 315 1342; x_wconf 86' lang='lat'>6.</span> <span class='ocrx_word' id='word_1_124' title='bbox 352 1306 440 1338; x_wconf 79' lang='lat' dir='ltr'>Tab.</span> <span class='ocrx_word' id='word_1_125' title='bbox 468 1306 530 1338; x_wconf 88' lang='lat' dir='ltr'>VI.</span> <span class='ocrx_word' id='word_1_126' title='bbox 564 1305 673 1338; x_wconf 84' lang='lat' dir='ltr'>oculo</span> <span class='ocrx_word' id='word_1_127' title='bbox 709 1304 836 1348; x_wconf 80' lang='lat' dir='ltr'>offert,</span> <span class='ocrx_word' id='word_1_128' title='bbox 885 1303 1061 1337; x_wconf 85' lang='lat' dir='ltr'>videlicet</span> <span class='ocrx_word' id='word_1_129' title='bbox 1094 1304 1289 1337; x_wconf 82' lang='lat' dir='ltr'>thoracem</span> <span class='ocrx_word' id='word_1_130' title='bbox 1320 1305 1451 1336; x_wconf 86' lang='lat' dir='ltr'>rufum</span> <span class='ocrx_word' id='word_1_131' title='bbox 1493 1316 1582 1337; x_wconf 88' lang='lat' dir='ltr'>cum</span> <span class='ocrx_word' id='word_1_132' title='bbox 1622 1306 1770 1338; x_wconf 83' lang='lat' dir='ltr'>macula</span> 
     </span>
     <span class='ocr_line' id='line_1_16' title="bbox 218 1369 1768 1417; baseline -0.001 -12"><span class='ocrx_word' id='word_1_133' title='bbox 218 1373 340 1406; x_wconf 86' lang='lat' dir='ltr'>media</span> <span class='ocrx_word' id='word_1_134' title='bbox 374 1372 494 1417; x_wconf 83' lang='lat' dir='ltr'>nigra.</span> <span class='ocrx_word' id='word_1_135' title='bbox 571 1372 628 1404; x_wconf 92' lang='lat' dir='ltr'>De</span> <span class='ocrx_word' id='word_1_136' title='bbox 662 1372 732 1404; x_wconf 87' lang='lat' dir='ltr'>hac</span> <span class='ocrx_word' id='word_1_137' title='bbox 763 1370 911 1403; x_wconf 82' lang='lat' dir='ltr'>macula</span> <span class='ocrx_word' id='word_1_138' title='bbox 942 1370 1051 1416; x_wconf 79' lang='lat' dir='ltr'>nigra</span> <span class='ocrx_word' id='word_1_139' title='bbox 1083 1369 1226 1414; x_wconf 74' lang='lat' dir='ltr'>Linne,</span> <span class='ocrx_word' id='word_1_140' title='bbox 1279 1370 1443 1403; x_wconf 90' lang='lat' dir='ltr'>DeGeer</span> <span class='ocrx_word' id='word_1_141' title='bbox 1481 1379 1518 1403; x_wconf 88' lang='lat' dir='ltr'>et</span> <span class='ocrx_word' id='word_1_142' title='bbox 1552 1371 1683 1404; x_wconf 80' lang='lat' dir='ltr'>Sulzer</span> <span class='ocrx_word' id='word_1_143' title='bbox 1710 1383 1768 1404; x_wconf 81' lang='lat' dir='ltr'>ex-</span> 
     </span>
     <span class='ocr_line' id='line_1_17' title="bbox 215 1437 1766 1484; baseline -0.001 -12"><span class='ocrx_word' id='word_1_144' title='bbox 215 1440 350 1484; x_wconf 81' lang='lat' dir='ltr'>pressis</span> <span class='ocrx_word' id='word_1_145' title='bbox 378 1438 497 1472; x_wconf 80' lang='lat' dir='ltr'>verbis</span> <span class='ocrx_word' id='word_1_146' title='bbox 524 1438 761 1471; x_wconf 79' lang='lat' dir='ltr'>mentionem</span> <span class='ocrx_word' id='word_1_147' title='bbox 788 1438 952 1480; x_wconf 84' lang='lat' dir='ltr'>faciunt,</span> <span class='ocrx_word' id='word_1_148' title='bbox 1001 1445 1039 1469; x_wconf 89' lang='lat' dir='ltr'>et</span> <span class='ocrx_word' id='word_1_149' title='bbox 1071 1437 1241 1470; x_wconf 90' lang='lat' dir='ltr'>Linneus</span> <span class='ocrx_word' id='word_1_150' title='bbox 1278 1437 1432 1480; x_wconf 81' lang='lat' dir='ltr'>quidem</span> <span class='ocrx_word' id='word_1_151' title='bbox 1467 1448 1545 1470; x_wconf 89' lang='lat' dir='ltr'>non</span> <span class='ocrx_word' id='word_1_152' title='bbox 1573 1438 1698 1470; x_wconf 89' lang='lat' dir='ltr'>solum</span> <span class='ocrx_word' id='word_1_153' title='bbox 1724 1439 1766 1471; x_wconf 86' lang='lat' dir='ltr'>in</span> 
     </span>
    </p>
   </div>
   <div class='ocr_carea' id='block_1_4' title="bbox 1294 1502 1301 1515">
    <p class='ocr_par' dir='ltr' id='par_1_5' title="bbox 1294 1502 1301 1515">
     <span class='ocr_line' id='line_1_18' title="bbox 1294 1502 1301 1515; baseline 0 0"><span class='ocrx_word' id='word_1_154' title='bbox 1294 1502 1301 1515; x_wconf 81' lang='lat'><strong>7</strong></span> 
     </span>
    </p>
   </div>
   <div class='ocr_carea' id='block_1_5' title="bbox 216 1502 1766 1618">
    <p class='ocr_par' dir='ltr' id='par_1_6' title="bbox 216 1502 1766 1618">
     <span class='ocr_line' id='line_1_19' title="bbox 216 1502 1766 1552; baseline -0.001 -13"><span class='ocrx_word' id='word_1_155' title='bbox 216 1505 403 1552; x_wconf 82' lang='lat' dir='ltr'>diagnosi,</span> <span class='ocrx_word' id='word_1_156' title='bbox 444 1505 506 1538; x_wconf 87' lang='lat' dir='ltr'>sed</span> <span class='ocrx_word' id='word_1_157' title='bbox 526 1505 641 1537; x_wconf 81' lang='lat' dir='ltr'>etiam</span> <span class='ocrx_word' id='word_1_158' title='bbox 665 1504 706 1536; x_wconf 89' lang='lat' dir='ltr'>in</span> <span class='ocrx_word' id='word_1_159' title='bbox 730 1503 997 1548; x_wconf 78' lang='lat' dir='ltr'>descriptione,</span> <span class='ocrx_word' id='word_1_160' title='bbox 1036 1503 1095 1536; x_wconf 90' lang='lat' dir='ltr'>his</span> <span class='ocrx_word' id='word_1_161' title='bbox 1116 1502 1254 1535; x_wconf 84' lang='lat' dir='ltr'>verbis:</span> <span class='ocrx_word' id='word_1_162' title='bbox 1304 1503 1509 1535; x_wconf 79' lang='lat' dir='ltr'>⁷—tliorax</span> <span class='ocrx_word' id='word_1_163' title='bbox 1532 1504 1657 1548; x_wconf 86' lang='lat' dir='ltr'>rufus,</span> <span class='ocrx_word' id='word_1_164' title='bbox 1691 1517 1766 1538; x_wconf 84' lang='lat' dir='ltr'>me-</span> 
     </span>
     <span class='ocr_line' id='line_1_20' title="bbox 216 1569 1765 1618; baseline -0.001 -12"><span class='ocrx_word' id='word_1_165' title='bbox 216 1573 276 1606; x_wconf 90' lang='lat' dir='ltr'>dio</span> <span class='ocrx_word' id='word_1_166' title='bbox 304 1573 452 1605; x_wconf 79' lang='lat' dir='ltr'>macula</span> <span class='ocrx_word' id='word_1_167' title='bbox 479 1572 616 1618; x_wconf 78' lang='lat' dir='ltr'>nigra.⁷⁷</span> <span class='ocrx_word' id='word_1_168' title='bbox 693 1570 884 1603; x_wconf 83' lang='lat' dir='ltr'>Fabricius</span> <span class='ocrx_word' id='word_1_169' title='bbox 917 1581 1002 1603; x_wconf 85' lang='lat' dir='ltr'>vero</span> <span class='ocrx_word' id='word_1_170' title='bbox 1034 1569 1076 1602; x_wconf 90' lang='lat' dir='ltr'>in</span> <span class='ocrx_word' id='word_1_171' title='bbox 1105 1570 1313 1613; x_wconf 83' lang='lat' dir='ltr'>Systemate</span> <span class='ocrx_word' id='word_1_172' title='bbox 1339 1569 1626 1615; x_wconf 83' lang='lat' dir='ltr'>Entomologiae</span> <span class='ocrx_word' id='word_1_173' title='bbox 1660 1578 1696 1603; x_wconf 91' lang='lat' dir='ltr'>et</span> <span class='ocrx_word' id='word_1_174' title='bbox 1723 1571 1765 1604; x_wconf 84' lang='lat' dir='ltr'>in</span> 
     </span>
    </p>
   </div>
   <div class='ocr_carea' id='block_1_6' title="bbox 212 1636 1763 1815">
    <p class='ocr_par' dir='ltr' id='par_1_7' title="bbox 212 1636 1763 1815">
     <span class='ocr_line' id='line_1_21' title="bbox 213 1636 1763 1684; baseline -0.001 -12"><span class='ocrx_word' id='word_1_175' title='bbox 213 1639 481 1684; x_wconf 80' lang='lat' dir='ltr'>Entomologia</span> <span class='ocrx_word' id='word_1_176' title='bbox 507 1637 745 1682; x_wconf 82' lang='lat' dir='ltr'>systematica</span> <span class='ocrx_word' id='word_1_177' title='bbox 772 1637 968 1669; x_wconf 87' lang='lat' dir='ltr'>Linneum</span> <span class='ocrx_word' id='word_1_178' title='bbox 995 1636 1148 1680; x_wconf 88' lang='lat' dir='ltr'>quidem</span> <span class='ocrx_word' id='word_1_179' title='bbox 1177 1637 1329 1682; x_wconf 81' lang='lat' dir='ltr'>allegat,</span> <span class='ocrx_word' id='word_1_180' title='bbox 1366 1636 1429 1668; x_wconf 87' lang='lat' dir='ltr'>sed</span> <span class='ocrx_word' id='word_1_181' title='bbox 1457 1636 1656 1682; x_wconf 80' lang='lat' dir='ltr'>diagnosin</span> <span class='ocrx_word' id='word_1_182' title='bbox 1684 1638 1763 1679; x_wconf 86' lang='lat' dir='ltr'>ejus</span> 
     </span>
     <span class='ocr_line' id='line_1_22' title="bbox 212 1702 1763 1748; baseline -0.001 -9"><span class='ocrx_word' id='word_1_183' title='bbox 212 1714 337 1740; x_wconf 80' lang='lat' dir='ltr'>mutat</span> <span class='ocrx_word' id='word_1_184' title='bbox 372 1713 409 1738; x_wconf 90' lang='lat' dir='ltr'>et</span> <span class='ocrx_word' id='word_1_185' title='bbox 443 1705 487 1738; x_wconf 87' lang='lat' dir='ltr'>de</span> <span class='ocrx_word' id='word_1_186' title='bbox 519 1704 681 1738; x_wconf 75' lang='lat' dir='ltr'>thoracis</span> <span class='ocrx_word' id='word_1_187' title='bbox 717 1705 865 1737; x_wconf 79' lang='lat' dir='ltr'>macula</span> <span class='ocrx_word' id='word_1_188' title='bbox 905 1703 1028 1736; x_wconf 82' lang='lat' dir='ltr'>media</span> <span class='ocrx_word' id='word_1_189' title='bbox 1062 1702 1170 1748; x_wconf 78' lang='lat' dir='ltr'>nigra</span> <span class='ocrx_word' id='word_1_190' title='bbox 1211 1709 1324 1735; x_wconf 80' lang='lat' dir='ltr'>tacet:</span> <span class='ocrx_word' id='word_1_191' title='bbox 1387 1703 1647 1747; x_wconf 82' lang='lat' dir='ltr'>descriptionis</span> <span class='ocrx_word' id='word_1_192' title='bbox 1683 1705 1763 1738; x_wconf 79' lang='lat' dir='ltr'>loco</span> 
     </span>
     <span class='ocr_line' id='line_1_23' title="bbox 214 1769 1761 1815; baseline -0.001 -9"><span class='ocrx_word' id='word_1_193' title='bbox 214 1774 292 1806; x_wconf 88' lang='lat' dir='ltr'>imo</span> <span class='ocrx_word' id='word_1_194' title='bbox 328 1773 431 1806; x_wconf 86' lang='lat' dir='ltr'>addit</span> <span class='ocrx_word' id='word_1_195' title='bbox 463 1773 574 1804; x_wconf 81' lang='lat' dir='ltr'>haec:</span> <span class='ocrx_word' id='word_1_196' title='bbox 629 1771 779 1803; x_wconf 77' lang='lat' dir='ltr'>”thorax</span> <span class='ocrx_word' id='word_1_197' title='bbox 812 1770 1116 1803; x_wconf 79' lang='lat' dir='ltr'>immaculatus⁷&#39;.</span> <span class='ocrx_word' id='word_1_198' title='bbox 1196 1769 1370 1813; x_wconf 81' lang='lat' dir='ltr'>Suspicor</span> <span class='ocrx_word' id='word_1_199' title='bbox 1403 1769 1522 1815; x_wconf 73' lang='lat' dir='ltr'>igitur</span> <span class='ocrx_word' id='word_1_200' title='bbox 1549 1771 1761 1804; x_wconf 82' lang='lat' dir='ltr'>Fabricium</span> 
     </span>
    </p>
   </div>
   <div class='ocr_carea' id='block_1_7' title="bbox 212 1836 1723 1884">
    <p class='ocr_par' dir='ltr' id='par_1_8' title="bbox 212 1836 1723 1884">
     <span class='ocr_line' id='line_1_24' title="bbox 212 1836 1723 1884; baseline -0.001 -12"><span class='ocrx_word' id='word_1_201' title='bbox 212 1839 326 1873; x_wconf 85' lang='lat' dir='ltr'>aliam</span> <span class='ocrx_word' id='word_1_202' title='bbox 352 1839 518 1884; x_wconf 86' lang='lat' dir='ltr'>speciem</span> <span class='ocrx_word' id='word_1_203' title='bbox 544 1845 631 1871; x_wconf 86' lang='lat' dir='ltr'>ante</span> <span class='ocrx_word' id='word_1_204' title='bbox 658 1838 785 1870; x_wconf 90' lang='lat' dir='ltr'>oculos</span> <span class='ocrx_word' id='word_1_205' title='bbox 813 1837 1005 1880; x_wconf 81' lang='lat' dir='ltr'>habuisse,</span> <span class='ocrx_word' id='word_1_206' title='bbox 1053 1847 1166 1879; x_wconf 82' lang='lat' dir='ltr'>quam</span> <span class='ocrx_word' id='word_1_207' title='bbox 1193 1836 1235 1868; x_wconf 91' lang='lat' dir='ltr'>in</span> <span class='ocrx_word' id='word_1_208' title='bbox 1263 1837 1505 1880; x_wconf 87' lang='lat' dir='ltr'>sequentibus</span> <span class='ocrx_word' id='word_1_209' title='bbox 1534 1836 1723 1882; x_wconf 87' lang='lat' dir='ltr'>descripsi.</span> 
     </span>
    </p>
   </div>
   <div class='ocr_carea' id='block_1_8' title="bbox 210 1919 1758 2183">
    <p class='ocr_par' dir='ltr' id='par_1_9' title="bbox 210 1919 1758 2102">
     <span class='ocr_line' id='line_1_25' title="bbox 313 1919 1758 1965; baseline -0.001 -10"><span class='ocrx_word' id='word_1_210' title='bbox 313 1924 372 1955; x_wconf 90' lang='lat' dir='ltr'>De</span> <span class='ocrx_word' id='word_1_211' title='bbox 399 1922 440 1954; x_wconf 94' lang='lat' dir='ltr'>L.</span> <span class='ocrx_word' id='word_1_212' title='bbox 469 1921 596 1954; x_wconf 84' lang='lat' dir='ltr'>italica</span> <span class='ocrx_word' id='word_1_213' title='bbox 618 1929 803 1965; x_wconf 84' lang='lat' dir='ltr'>superest,</span> <span class='ocrx_word' id='word_1_214' title='bbox 845 1928 889 1953; x_wconf 88' lang='lat' dir='ltr'>ut</span> <span class='ocrx_word' id='word_1_215' title='bbox 916 1920 1073 1953; x_wconf 83' lang='lat' dir='ltr'>referam</span> <span class='ocrx_word' id='word_1_216' title='bbox 1101 1919 1143 1952; x_wconf 89' lang='lat' dir='ltr'>in</span> <span class='ocrx_word' id='word_1_217' title='bbox 1170 1919 1348 1952; x_wconf 85' lang='lat' dir='ltr'>foeminis</span> <span class='ocrx_word' id='word_1_218' title='bbox 1375 1920 1563 1953; x_wconf 85' lang='lat' dir='ltr'>maculam</span> <span class='ocrx_word' id='word_1_219' title='bbox 1596 1921 1758 1954; x_wconf 83' lang='lat' dir='ltr'>thoracis</span> 
     </span>
     <span class='ocr_line' id='line_1_26' title="bbox 210 1986 1758 2036; baseline -0.001 -14"><span class='ocrx_word' id='word_1_220' title='bbox 210 1990 360 2036; x_wconf 81' lang='lat' dir='ltr'>nigram</span> <span class='ocrx_word' id='word_1_221' title='bbox 389 1988 583 2021; x_wconf 87' lang='lat' dir='ltr'>interdum</span> <span class='ocrx_word' id='word_1_222' title='bbox 608 1999 734 2021; x_wconf 83' lang='lat' dir='ltr'>versus</span> <span class='ocrx_word' id='word_1_223' title='bbox 763 1988 879 2032; x_wconf 73' lang='lat' dir='ltr'>elytra</span> <span class='ocrx_word' id='word_1_224' title='bbox 904 1987 1079 2020; x_wconf 79' lang='lat' dir='ltr'>latiorem</span> <span class='ocrx_word' id='word_1_225' title='bbox 1106 1998 1201 2030; x_wconf 88' lang='lat' dir='ltr'>esse,</span> <span class='ocrx_word' id='word_1_226' title='bbox 1242 1997 1355 2031; x_wconf 85' lang='lat' dir='ltr'>quam</span> <span class='ocrx_word' id='word_1_227' title='bbox 1381 1993 1486 2030; x_wconf 87' lang='lat' dir='ltr'>parte</span> <span class='ocrx_word' id='word_1_228' title='bbox 1513 1986 1653 2029; x_wconf 84' lang='lat' dir='ltr'>antica,</span> <span class='ocrx_word' id='word_1_229' title='bbox 1702 1987 1758 2021; x_wconf 85' lang='lat' dir='ltr'>uti</span> 
     </span>
     <span class='ocr_line' id='line_1_27' title="bbox 210 2055 541 2102; baseline -0.003 -14"><span class='ocrx_word' id='word_1_230' title='bbox 210 2058 272 2102; x_wconf 78' lang='lat' dir='ltr'>sig.</span> <span class='ocrx_word' id='word_1_231' title='bbox 299 2059 333 2092; x_wconf 87' lang='lat'>6.</span> <span class='ocrx_word' id='word_1_232' title='bbox 366 2055 541 2088; x_wconf 83' lang='lat' dir='ltr'>ostendit.</span> 
     </span>
    </p>

    <p class='ocr_par' dir='ltr' id='par_1_10' title="bbox 311 2136 1754 2183">
     <span class='ocr_line' id='line_1_28' title="bbox 311 2136 1754 2183; baseline -0.001 -12"><span class='ocrx_word' id='word_1_233' title='bbox 311 2140 443 2183; x_wconf 86' lang='lat' dir='ltr'>Lamp.</span> <span class='ocrx_word' id='word_1_234' title='bbox 475 2137 603 2170; x_wconf 77' lang='lat' dir='ltr'>italica</span> <span class='ocrx_word' id='word_1_235' title='bbox 637 2137 830 2171; x_wconf 86' lang='lat' dir='ltr'>Latreillei</span> <span class='ocrx_word' id='word_1_236' title='bbox 868 2137 986 2177; x_wconf 87' lang='lat' dir='ltr'>(Hist.</span> <span class='ocrx_word' id='word_1_237' title='bbox 1014 2137 1074 2170; x_wconf 83' lang='lat' dir='ltr'>IX-</span> <span class='ocrx_word' id='word_1_238' title='bbox 1114 2138 1216 2176; x_wconf 79' lang='lat'>102.)</span> <span class='ocrx_word' id='word_1_239' title='bbox 1258 2136 1302 2170; x_wconf 85' lang='lat' dir='ltr'>ad</span> <span class='ocrx_word' id='word_1_240' title='bbox 1337 2137 1502 2181; x_wconf 85' lang='lat' dir='ltr'>speciem</span> <span class='ocrx_word' id='word_1_241' title='bbox 1536 2145 1754 2181; x_wconf 84' lang='lat' dir='ltr'>sequentem</span> 
     </span>
    </p>
   </div>
   <div class='ocr_carea' id='block_1_9' title="bbox 209 2204 587 2250">
    <p class='ocr_par' dir='ltr' id='par_1_11' title="bbox 209 2204 587 2250">
     <span class='ocr_line' id='line_1_29' title="bbox 209 2204 587 2250; baseline -0.003 -12"><span class='ocrx_word' id='word_1_242' title='bbox 209 2205 397 2250; x_wconf 84' lang='lat' dir='ltr'>pertinere</span> <span class='ocrx_word' id='word_1_243' title='bbox 431 2204 587 2238; x_wconf 73' lang='lat' dir='ltr'>videtur.</span> 
     </span>
    </p>
   </div>
   <div class='ocr_carea' id='block_1_10' title="bbox 1266 2526 1352 2588">
    <p class='ocr_par' dir='ltr' id='par_1_12' title="bbox 1266 2526 1352 2588">
     <span class='ocr_line' id='line_1_30' title="bbox 1266 2526 1352 2588; baseline 0 0"><span class='ocrx_word' id='word_1_244' title='bbox 1266 2526 1352 2588; x_wconf 56' lang='lat' dir='ltr'>v‘25</span> 
     </span>
    </p>
   </div>
  </div>
 </body>
</html>
