2310 3292
1721 346 1794 379 219

397 437 625 481 Hartliebio,
666 436 744 470 viro
779 439 894 482 claro,
934 437 1167 470 insectorum
1194 436 1405 483 indagatori
1431 439 1712 474 Vratislaviensi
1740 443 1781 476 in

295 505 456 550 defesso,
494 505 565 538 hoc
592 504 782 538 insectum
810 505 998 538 debemus.

244 588 397 622 Habitat
424 588 466 621 in
494 587 647 621 Silesiae
674 587 875 632 superioris
903 599 1019 632 apum
1046 587 1149 620 alvis.

342 672 479 704 Parvus
507 671 549 703 in
574 671 646 703 hoc
675 681 828 716 genere,
863 669 1106 715 longitudine
1133 677 1206 702 tres
1235 669 1353 703 lineas
1381 670 1442 703 vix
1466 672 1678 718 attingens3
1709 672 1792 705 lati-

242 738 375 771 tudine
403 723 611 782 quadruplo
640 736 797 770 minore.
875 736 1024 769 Statura
1050 744 1088 769 et
1114 743 1193 768 toto
1220 736 1353 769 habitu
1381 748 1469 770 cum
1497 739 1589 772 Ten.
1617 740 1792 773 molitore

242 804 397 849 penitus
426 802 672 846 conveniens,
706 803 769 835 sed
797 803 969 846 sextuplo
996 801 1134 834 minor.
1198 802 1320 846 Caput
1347 814 1435 835 cum
1461 805 1612 838 thorace
1637 806 1790 849 punctis

241 869 416 915 plurimis
446 868 648 913 impressis.
713 868 892 901 Thoracis
915 869 1031 901 latera
1055 867 1232 900 distincte
1257 868 1478 914 marginata.
1543 871 1671 914 Elytra
1696 883 1791 916 pun-

238 943 351 979 ctata,
385 935 537 980 punctis
554 934 821 981 irregularibus
839 943 875 968 et
892 935 1004 968 lineis
1020 935 1192 979 pluribus
1209 935 1565 981 longitudinalibus,
1595 938 1784 981 tenuibus,

238 1010 346 1035 acute
374 1003 546 1046 elevatis,
591 1002 637 1035 ad
663 1002 869 1045 elytrorum
897 1009 1068 1035 suturam
1095 1002 1391 1036 obsoletioribus.

338 1069 451 1102 Pedes
487 1081 574 1102 cum
608 1068 785 1102 antennis
820 1068 903 1101 rufi.
982 1069 1247 1101 Antennarum
1280 1069 1434 1103 articuli
1466 1071 1597 1104 ultimi
1632 1080 1705 1104 tres
1733 1072 1789 1105 in-

239 1136 401 1169 crassati.

337 1203 452 1236 Vivus
480 1203 639 1235 humore
665 1200 804 1247 pingui
831 1200 972 1245 madet,
1013 1212 1054 1234 ac
1082 1201 1112 1234 si
1140 1203 1221 1234 oleo
1249 1210 1387 1235 unctus
1415 1202 1486 1245 sit3
1527 1202 1618 1238 hinc
1646 1216 1787 1238 nomen

238 1269 484 1302 Tenebrionis
513 1267 700 1301 madentis
728 1278 748 1301 a
776 1267 962 1301 detectore
989 1275 1089 1301 recte
1116 1268 1341 1312 impositum
1368 1269 1526 1303 videtur.

590 1498 985 1553 Bolitophagus
1029 1499 1423 1539 tuberculatus.

232 1608 270 1639 B.
310 1606 473 1652 griseus,
529 1617 681 1649 raucus,
736 1606 899 1638 thoracis
939 1607 1224 1651 elytrorumque
1260 1606 1466 1640 tuberculis
1500 1607 1672 1651 pluribus
1705 1619 1784 1653 per-

282 1673 445 1706 elevatis.

231 1755 384 1789 Ha'bitat
411 1756 507 1788 circa
533 1755 751 1789 Nlehadiam
779 1755 820 1787 in
847 1756 1053 1801 Hungaria.
1139 1757 1168 1788 A
1197 1755 1353 1800 Dahlio,
1393 1757 1643 1802 Entomopola
1671 1758 1781 1792 Vien-

282 1822 410 1867 nensi,
451 1823 517 1855 sub
545 1823 612 1855 illo
640 1822 796 1855 nomine
825 1834 975 1855 mecum
1004 1823 1318 1856 communicatus.

332 1905 603 1952 Magnitudine
630 1906 669 1938 B.
696 1905 923 1952 agaricolam
951 1914 1101 1949 aequat:
1148 1906 1354 1940 tuberculis
1389 1907 1520 1941 multis
1553 1919 1778 1954 magnopere

229 1973 400 2015 elevatis,
439 1972 681 2016 tomentosis,
721 1972 897 2018 insignis.¹

332 2038 475 2083 Capitis
503 2039 655 2083 clypeus
683 2038 807 2072 antice
833 2039 1073 2079 rotundatus,
1110 2041 1252 2083 scaber,
1294 2040 1448 2086 griseus.
1514 2042 1777 2074 Antennarum

228 2113 416 2138 structura
442 2117 462 2138 a
488 2117 624 2152 genere
651 2106 988 2152 Bolitophagorum
1016 2107 1177 2150 quodam
1205 2107 1316 2140 modo
1344 2107 1495 2141 recedit.
1568 2108 1663 2142 Sunt
1691 2108 1776 2141 arti-

229 2172 306 2205 culi
331 2184 398 2217 per
424 2179 542 2205 totam
571 2180 757 2206 antennae
792 2173 1076 2219 longitudinem
1108 2174 1297 2218 perfoliati
1339 2174 1437 2216 (fere
1467 2182 1510 2207 ut
1537 2175 1578 2207 in
1606 2176 1775 2220 Diaperi-

229 2239 359 2280 dibus)
399 2239 622 2284 tomentosi,
664 2251 711 2272 ne
751 2240 873 2273 dicam
905 2240 1036 2284 pilosi:
1086 2241 1230 2285 primus
1264 2248 1392 2273 tamen
1426 2241 1578 2274 conicus
1616 2249 1688 2285 est,
1737 2251 1774 2275 et

228 2304 433 2349 secundus⁷
454 2305 579 2350 ·isque
605 2306 809 2350 minimus,
851 2307 1065 2353 globularis.
1142 2307 1278 2341 Primis
1315 2308 1457 2341 duobus
1492 2309 1654 2352 exceptis
1690 2309 1773 2342 reli-

227 2373 295 2416 qui
321 2383 399 2405 non
426 2372 468 2404 in
496 2373 626 2405 eodem
653 2374 768 2417 positi
795 2382 884 2407 sunt
911 2375 988 2418 axi,
1037 2382 1147 2418 atque
1180 2375 1241 2408 illi
1276 2375 1474 2419 primores,
1523 2375 1586 2407 sed
1614 2386 1634 2407 a
1659 2375 1771 2408 tertio

228 2450 248 2472 a
281 2438 361 2471 basi
394 2439 553 2472 articulo
587 2447 677 2472 sunt
710 2441 929 2483 paullulum
964 2441 1117 2484 oblique
1152 2440 1300 2474 directi:
1345 2452 1475 2474 omnes
1508 2449 1635 2475 tamen
1666 2442 1769 2485 recti,

228 2517 304 2538 non
332 2505 493 2549 curvati,
537 2507 663 2550 quales
697 2506 738 2539 in
771 2517 906 2552 genere
940 2507 1105 2540 Eledona
1139 2508 1237 2540 Latr.
1263 2518 1342 2540 esse
1369 2509 1503 2542 solent.
1578 2507 1768 2542 Articulus

1273 2576 1321 2609 28
1363 2571 1376 2588 ²
