2325 3286
502 342 575 376 232

502 440 653 484 punctis
682 438 903 484 pellucidis,
945 438 1275 470 flavo-testaceus.
1354 436 1565 471 scutellum
1600 451 1802 487 magnum,
1848 452 1956 478 acute
1988 443 2053 476 tri-

501 509 690 554 angulare.

601 590 728 633 Elytra
755 588 906 621 thorace
932 586 974 620 in
1000 586 1080 619 basi
1107 587 1236 631 paullo
1263 585 1396 620 latiora
1424 596 1533 633 sunt,
1573 597 1805 634 punctorum
1827 605 2051 640 magnorum

499 657 766 700 impressorum
793 654 956 688 seriebus
984 654 1026 687 in
1053 653 1216 700 singulis
1245 654 1374 697 elytris
1399 655 1542 689 decem:
1585 657 1755 704 margine
1774 667 1882 692 acute
1903 661 2049 705 reflexo,

501 722 672 766 dilatato,
724 722 769 756 ad
811 721 919 754 basin
961 720 1112 754 latiore:
1166 720 1335 765 undique
1368 722 1626 769 irregulariter
1661 733 1698 758 et
1731 720 1923 760 subtiliter
1957 739 2052 772 pun-

500 797 608 823 ctatO.
687 791 797 824 Color
837 790 1185 832 flavo-testaceus,
1239 797 1392 823 suturae
1432 798 1470 824 et
1508 799 1740 836 punctorum
1780 794 2050 839 impressorum

500 857 700 903 nigricans.

599 942 627 973 A
657 942 753 974 Cass.
781 939 900 973 nobili
928 938 1128 984 praecipue
1157 938 1410 987 distinguitur
1442 948 1583 975 statura
1616 944 1740 977 multo
1775 945 1895 992 magis
1922 954 2050 979 rotun-

498 1007 596 1040 data.
645 1008 815 1053 margine
842 1008 964 1040 multo
991 1006 1138 1039 acutius
1168 1008 1302 1039 reflexo
1331 1015 1367 1040 et
1395 1008 1526 1042 eodem
1558 1011 1668 1043 modo
1696 1023 1817 1055 usque
1843 1013 1887 1045 ad
1916 1014 2047 1057 elytro-

501 1085 581 1106 rum
612 1066 733 1118 apices
762 1074 891 1107 ducto:
933 1073 1086 1118 punctis
1115 1074 1308 1118 impressis
1337 1075 1460 1109 multo
1489 1077 1702 1119 majoribus.

934 1328 1277 1370 Cassida
1354 1331 1605 1384 plana.

497 1455 534 1486 (2.
571 1455 679 1498 flava,
734 1454 921 1500 depressa,
975 1457 1153 1499 rotunda,
1208 1457 1360 1491 thorace
1399 1458 1603 1503 elytrisque
1645 1459 1919 1492 characteribus
1956 1462 2044 1493 atris

544 1523 774 1566 punctisque
802 1523 1008 1568 impressis:
1057 1524 1229 1570 margine
1256 1526 1361 1558 omni
1389 1526 1478 1570 lato,
1519 1526 1632 1570 laevi,
1673 1526 1947 1571 subpellucido.

495 1604 645 1637 Habitat
681 1606 721 1638 in
752 1607 945 1639 montibus
973 1607 1182 1651 Pyrenaeis.

594 1689 717 1722 Parvis
745 1690 1017 1735 speciminibus
1038 1691 1208 1724 Cassidae
1227 1691 1368 1725 Vibicis
1391 1704 1468 1726 non
1492 1693 1626 1737 major,
1663 1701 1700 1726 et
1728 1693 1847 1739 magis
1876 1694 2044 1739 depressa

494 1763 527 1787 et
558 1756 755 1790 rotundam
783 1769 896 1802 quam
924 1759 1073 1802 quaevis
1104 1759 1176 1793 alia
1204 1759 1345 1804 species
1374 1771 1565 1806 europaea.
1647 1762 1789 1806 Corpus
1824 1769 1948 1795 toturn
1985 1763 2045 1795 fla-

493 1834 600 1866 xum,
644 1825 762 1858 oculis
789 1825 932 1870 alisque
959 1826 1058 1860 atris.

593 1907 740 1941 Thorax
768 1909 1025 1953 semilunaris,
1060 1911 1202 1955 postice
1225 1911 1269 1943 ad
1291 1911 1495 1944 scutellum
1516 1913 1712 1956 paullum,
1748 1913 1793 1946 ad
1819 1913 1898 1955 ejus
1928 1915 2042 1948 latera

493 1973 611 2019 magis
653 1975 844 2010 sinuatus:
898 1978 1163 2024 glaberrimuS,
1216 1978 1329 2012 lineis
1378 1978 1540 2012 curvatis
1584 1978 1852 2026 irregularibus
1904 1981 2041 2027 nigris:

492 2040 661 2086 margine
688 2044 830 2087 antico,
876 2047 974 2090 lato,
1021 2046 1263 2092 glaberrimo,
1304 2046 1563 2079 immaculato.

593 2126 719 2170 Elytra
748 2128 791 2160 ad
818 2129 980 2163 thoracis
1008 2130 1113 2162 basin
1142 2131 1292 2176 angulis
1325 2130 1571 2175 prominulis,
1621 2131 1838 2174 rotundam,
1885 2132 2038 2176 punctis

491 2192 659 2237 magnis,
708 2194 800 2228 hinc
836 2197 943 2229 illinc
977 2197 1016 2229 in
1051 2198 1214 2231 seriebus
1249 2198 1399 2242 positis,
1443 2197 1629 2242 profunde
1665 2198 1876 2242 impressis,
1925 2200 2038 2232 eleva-

489 2257 731 2304 tionibusque
757 2261 1044 2309 irregularibus,
1085 2264 1461 2298 subtransversalibus
1495 2264 1648 2311 glabris:
1699 2265 1857 2299 maculis
1892 2265 2040 2299 lineari-

490 2325 556 2357 bus
586 2328 694 2370 atris3
735 2330 904 2376 margine
932 2332 1018 2375 lato,
1057 2333 1199 2377 glabro,
1240 2343 1317 2365 non
1345 2333 1518 2365 colorato.
