2387 3307
290 1109 474 1193 Multi
526 1155 625 1186 sunt
686 1147 808 1195 anni,
885 1158 1020 1199 quum
1071 1153 1266 1199 tempora
1325 1144 1551 1185 subseciva
1604 1145 1837 1201 Zoologiae

292 1246 331 1276 et
382 1237 615 1290 praecipue
668 1234 999 1292 Entomologiae
1049 1234 1190 1275 studio
1247 1237 1432 1285 sacrari,
1499 1237 1548 1275 in
1603 1249 1688 1289 quo
1748 1246 1839 1276 tum

291 1327 532 1366 amicorum
569 1318 783 1366 beneficio
825 1339 972 1366 rerum
1008 1325 1269 1366 naturalium
1309 1326 1689 1378 peritissimorum,
1749 1335 1840 1366 tum

290 1416 464 1457 fortuna
516 1414 707 1456 secunda
758 1428 836 1469 per
890 1416 1099 1456 itinerum
1146 1415 1337 1468 plurium
1389 1417 1664 1455 occasionem
1710 1430 1838 1469 supra

290 1519 409 1559 spem
468 1518 611 1544 meam
671 1503 915 1558 adjuvabar.
1018 1505 1237 1545 Praesenti
1294 1518 1394 1545 vcro
1454 1514 1647 1559 tempore
1703 1519 1837 1559 quum

288 1609 355 1634 me
408 1595 582 1651 negotia
628 1607 728 1633 011111
774 1593 1028 1634 muneribus
1079 1596 1186 1634 meis
1238 1595 1477 1649 conjuncta
1530 1594 1721 1649 aliaeque
1765 1609 1838 1636 ra-

288 1685 428 1724 tiones
480 1685 614 1740 magis
668 1685 888 1739 magisque
939 1685 990 1724 ab
1039 1683 1113 1723 illo
1168 1683 1308 1724 studio
1362 1683 1471 1725 1111111
1518 1684 1836 1738 jucundissimo

289 1773 555 1822 abstrahant,
605 1786 699 1813 non
729 1772 889 1814 diutius
922 1774 1218 1815 cunctandum
1248 1774 1358 1814 mihi
1395 1789 1483 1814 esse
1519 1775 1678 1828 putavi,
1730 1776 1837 1828 quin

289 1864 375 1902 mei
425 1862 753 1919 Entomologiae
807 1862 937 1904 studii
981 1863 1144 1904 fructus
1192 1846 1515 1919 qualescunque
1563 1878 1662 1903 cum
1705 1863 1835 1916 hujus

287 1953 495 1992 scientiae
540 1953 800 1993 amatoribus
845 1955 1237 2003 communicarem3
1296 1954 1471 2007 partim,
1531 1967 1586 1993 ne
1627 1952 1839 1993 oblivioni

286 2041 471 2092 traditis,
524 2056 632 2096 quae
673 2044 722 2083 111
758 2056 893 2099 regno
932 2043 1156 2099 zoologico
1198 2043 1541 2093 observaveram,
1586 2043 1721 2083 bonas
1753 2043 1838 2083 ho-

286 2145 352 2172 ras
397 2131 554 2172 frustra
590 2133 639 2173 in
674 2132 742 2173 his
787 2133 915 2173 rebus
957 2133 1189 2174 collocasse
1241 2143 1282 2173 et
1322 2135 1458 2174 otium
1495 2132 1733 2187 perdidisse
1769 2134 1839 2172 vi-

290 2220 434 2272 derer3
487 2223 662 2275 partim,
716 2222 833 2276 quod
871 2237 1042 2277 sperare
1083 2223 1312 2273 audebam,
1367 2237 1543 2277 operam
1581 2237 1721 2263 meam
1758 2223 1837 2262 uni

290 2310 494 2363 alterique
534 2311 823 2369 Entomologo
873 2313 1050 2354 fortasse
1096 2326 1190 2352 non
1240 2327 1416 2367 prorsus
1470 2314 1680 2367 ingratam
1729 2311 1834 2361 fore,

287 2400 519 2452 praecipue
551 2402 652 2454 quia
680 2403 865 2443 maxima
893 2416 990 2456 pars
1020 2416 1167 2443 rerum
1197 2403 1515 2442 observatarum
1547 2415 1615 2440 eas
1642 2401 1836 2440 insecto-

287 2502 385 2530 rum
417 2489 568 2529 classes
599 2499 782 2543 spectat,
832 2504 1015 2545 quarum
1043 2491 1223 2531 historia
1253 2490 1458 2531 naturalis
1497 2490 1549 2530 ab
1579 2488 1838 2530 Entomolo—
