2310 3292
1687 337 1760 370 201

317 433 506 467 Fabricius
547 432 692 477 primus
733 444 753 466 e
787 433 1011 467 Germaniae
1045 433 1293 478 Necrophoris
1331 432 1640 467 fulvo-fasciatis
1671 433 1761 468 duas

215 499 417 533 constituit
443 499 601 544 species,
635 500 781 533 scilicet
807 501 850 533 N.
871 500 1130 544 Vespillonem
1158 508 1195 533 et
1215 500 1257 533 N.
1277 508 1526 533 mortuorum.
1591 499 1760 534 Tertiam

211 567 377 611 speciem
404 567 505 600 notis
533 566 622 598 satis
651 565 909 599 constantibus
938 565 1115 598 distinxit
1135 566 1316 599 Herschel
1341 566 1383 599 in
1404 565 1551 612 Illigeri
1569 566 1760 613 Magazin,

211 632 319 666 Tom.
346 634 406 666 VI.
440 644 523 679 pag.
548 633 646 675 274„
688 631 972 675 Necrophorum
998 632 1272 678 Vestigatorem
1299 644 1320 665 a
1346 633 1390 665 N.
1417 633 1636 677 Vespillone
1662 644 1762 678 sepa-

211 710 305 733 rans.
384 700 562 744 Quartam
590 698 704 739 hujus
732 697 900 730 familiae
927 698 1092 743 speciem
1119 698 1382 744 Entomologis
1417 697 1481 731 hic
1509 699 1635 733 offero.

312 766 461 799 Statura
488 771 526 796 et
553 764 821 810 magnitudine
854 772 909 797 est
943 765 985 797 N.
1011 763 1254 808 Vespillonis.
1333 764 1483 797 Thorax
1519 772 1556 798 et
1581 765 1692 810 pedes
1719 773 1764 799 ut

210 832 251 864 in
280 831 323 864 N.
354 830 586 875 Vestigatore
614 830 819 875 comparati
846 837 950 862 sunt:
991 830 1055 863 sed
1086 830 1219 863 thorax
1246 837 1302 863 est
1327 830 1478 874 planior
1505 838 1542 863 et
1567 832 1677 875 pedes
1704 843 1762 865 va-

211 897 377 940 lidiores,
418 907 506 929 cum
532 897 636 929 tibiis
664 897 790 935 rectis,
834 897 1029 942 magisque
1057 897 1313 930 denticulatis.

311 964 434 1007 Caput
466 964 588 996 multo
625 963 740 997 latius
775 974 888 1007 quam
922 963 964 996 in
999 963 1042 996 N.
1068 963 1304 1009 Vestigatore
1336 970 1447 1008 atque
1481 963 1523 996 in
1549 971 1653 1009 parte
1679 973 1764 1009 post

211 1030 337 1062 oculos
373 1029 495 1074 posita
529 1031 652 1074 multo
687 1030 910 1064 tuberosius.
989 1030 1139 1063 Thorax
1180 1038 1217 1063 et
1256 1038 1371 1075 caput
1413 1031 1550 1075 absque
1587 1032 1763 1065 omnibus

210 1096 299 1140 pilis
335 1103 372 1129 et
406 1103 532 1129 totum
564 1096 749 1129 abdomen
787 1097 910 1129 multo
945 1096 1074 1129 minus
1109 1096 1294 1141 pilosum,
1348 1109 1461 1141 quam
1493 1098 1536 1131 in
1569 1099 1763 1143 speciebus

211 1163 495 1208 congeneribus.

313 1228 474 1272 Condyli
501 1227 641 1272 pedum
668 1228 922 1272 posticorum,
968 1239 1130 1272 quorum
1158 1227 1200 1261 in
1222 1228 1268 1261 N.
1290 1229 1510 1273 Vespillone
1536 1231 1699 1264 anterior
1722 1231 1764 1265 in

212 1296 364 1329 dentem
384 1296 545 1340 longum
564 1302 727 1338 rectum,
769 1295 811 1327 in
833 1295 877 1328 N.
899 1294 1133 1340 Vestigatore
1154 1295 1338 1339 posterior
1368 1296 1409 1328 in
1432 1297 1584 1330 dentem
1611 1298 1764 1331 validio-

211 1373 293 1394 rem
320 1361 499 1404 excurrit,
536 1361 578 1394 in
599 1362 643 1395 N.
667 1362 862 1406 Sepultore
889 1361 941 1393 sic
970 1361 1177 1405 comparati
1205 1369 1313 1406 sunt,
1348 1370 1392 1395 ut
1416 1364 1580 1396 anterior
1607 1365 1762 1405 (saltem

211 1428 252 1460 in
280 1429 395 1461 altero
423 1431 534 1469 sexu)
576 1428 617 1460 in
651 1440 796 1461 uncum
823 1428 1008 1471 validum,
1051 1428 1253 1461 admodum
1280 1440 1479 1462 recurvum
1507 1439 1686 1464 excurrat.

311 1496 451 1528 Melius
488 1494 602 1527 etiam
636 1495 679 1527 hi
714 1495 944 1539 Necrophori
978 1495 1113 1527 diversi
1140 1495 1447 1542 distinguuntur,
1496 1497 1528 1529 si
1556 1498 1763 1541 elytrorum

211 1563 374 1595 colorem
400 1562 550 1594 fulvum
577 1569 614 1594 et
639 1561 841 1594 fasciarum
875 1562 1029 1607 nigrum
1058 1563 1312 1606 appellamus:
1353 1571 1446 1596 tune
1473 1564 1611 1597 harum
1636 1565 1765 1598 fascia-

211 1641 296 1662 rum
324 1629 518 1675 nigrarum
546 1628 668 1673 prima
695 1629 772 1661 sive
798 1628 950 1666 basalis,
992 1628 1137 1660 thoraci
1170 1630 1352 1673 proxima,

246 1699 280 1734 1)
334 1696 376 1730 in
416 1696 459 1729 N.
490 1697 731 1739 lNslortuorum
769 1702 806 1727 et
841 1695 1037 1739 Sepultore
1072 1707 1191 1740 usque
1235 1697 1279 1730 ad
1311 1696 1523 1742 marginem
1558 1699 1763 1741 elytrorum

338 1764 531 1797 lateralem
558 1763 634 1795 fere
661 1762 895 1805 extenditur,
936 1762 988 1794 ita
1016 1770 1060 1795 ut
1087 1775 1233 1807 semper
1259 1775 1341 1808 pars
1378 1764 1493 1806 hujus
1527 1764 1663 1798 fasciae
1691 1777 1763 1799 cer-

340 1838 452 1863 natur
479 1830 520 1862 in
548 1829 667 1873 spatio
701 1829 813 1873 elytri
840 1829 884 1861 ad
911 1830 1025 1861 latera
1053 1830 1205 1863 deflexo.

245 1901 284 1938 2)
337 1899 383 1930 In
422 1897 465 1929 N.
498 1896 731 1942 Vestigatore
769 1897 860 1928 haec
897 1896 1012 1928 fascia
1044 1897 1190 1929 brevior
1228 1904 1284 1930 est
1316 1904 1354 1930 et
1387 1909 1586 1942 nunquam
1619 1907 1764 1944 partem

339 1963 449 2008 elytri
478 1963 657 1996 deflexam
684 1963 819 2009 tangit,
860 1963 924 1996 sed
951 1963 996 1996 ad
1017 1972 1164 1997 costam
1192 1964 1312 2008 illam,
1347 1975 1441 2008 quae
1468 1965 1511 1997 ab
1531 1965 1690 1999 humero
1719 1966 1764 1999 ad

340 2031 487 2075 apicem
514 2030 625 2074 elytri
653 2030 836 2074 excurrit,
883 2038 984 2063 recta
1009 2031 1111 2064 linea
1138 2032 1295 2064 abscissa
1324 2039 1389 2064 est.

245 2100 283 2135 3)
336 2098 382 2130 In
409 2098 452 2130 N.
482 2098 699 2142 Vespillone
726 2098 818 2130 haec
844 2097 959 2130 fascia
986 2099 1066 2142 pari
1094 2099 1204 2132 modo
1238 2110 1276 2131 se
1308 2099 1439 2142 habet,
1490 2098 1566 2131 nisi
1594 2100 1692 2142 quod
1720 2099 1764 2132 ad

341 2172 482 2197 costam
511 2164 622 2209 elytri
648 2165 885 2197 humeralem
911 2176 990 2198 non
1018 2173 1117 2200 recta
1145 2174 1200 2199 est
1227 2166 1402 2210 abscissa,
1441 2166 1511 2211 ‘sed
1545 2177 1689 2210 semper
1720 2166 1763 2198 li-

341 2233 489 2264 neolam
516 2244 582 2265 seu
611 2232 763 2265 dentem
797 2231 952 2264 emittit.

318 2298 417 2331 Haec
444 2299 578 2332 fasciae
603 2299 738 2331 basalis
766 2299 887 2345 figura
921 2299 1026 2332 valde
1060 2308 1234 2333 constans
1266 2307 1321 2332 est
1356 2307 1392 2332 et
1419 2300 1461 2331 in
1488 2299 1657 2342 pluribus
1686 2311 1763 2344 spe-

218 2364 434 2408 ciminibus,
476 2376 569 2408 quae
595 2366 784 2410 videbam,
827 2366 957 2399 eodem
985 2367 1095 2400 modo
1122 2379 1160 2400 se
1188 2367 1357 2399 habebat.

319 2432 361 2464 N.
390 2432 627 2476 Sepultorem
656 2444 674 2464 e
703 2433 895 2465 montibus
922 2434 1117 2477 pyrenaeis
1145 2433 1271 2477 accepi
1300 2440 1337 2465 et
1363 2431 1405 2464 in
1432 2431 1565 2465 Silesia
1595 2433 1727 2477 reperi.

1317 2569 1365 2601 26
