2310 3292
1688 355 1763 389 235

627 451 912 505 Clytra
992 450 1347 492 limbata.

820 541 899 570 Tab.
931 541 1004 570 VH.
1040 540 1091 580 fig.
1122 543 1151 572 3.

211 644 253 678 VC.
283 641 579 685 viridi-nitens,
624 643 831 685 elytrorum
858 642 976 674 limbo
1005 640 1190 674 coccineo.

361 707 522 737 Schoenh.
562 707 655 735 Tom.
687 706 729 734 ΙΙ.
766 716 836 746 pag.
864 708 937 738 353.
1005 705 1142 744 (Steven
1170 707 1204 734 in
1232 705 1333 734 Mem.
1366 705 1419 734 des
1449 706 1519 734 Nat.
1550 705 1588 734 de
1619 706 1761 736 Moscou.

452 766 546 793 Tom.
571 764 595 792 Ι.
630 773 700 803 pag.
727 765 796 796 157.
841 764 919 793 Tab.
951 764 988 793 X.
1023 763 1076 802 fig.
1103 763 1152 801 1.)

359 824 431 859 Dej.
468 823 536 851 Cat.
571 832 640 860 pag.
669 825 737 854 126.
788 823 822 850 C.
854 821 1002 856 limbata,
1039 821 1172 853 steven;
1217 821 1250 849 C.
1283 822 1473 859 marginata,
1520 823 1680 861 Megerle3
1726 825 1760 852 C.

452 879 604 908 dorsalis?
649 880 789 908 Olivieri.

212 939 364 972 Habitat
391 939 432 971 in
460 939 592 971 Russia
627 938 876 972 meridionali.

314 1025 416 1069 Opus
460 1031 615 1056 naturae
663 1022 906 1056 Curiosorum
952 1021 1274 1055 Moscoviensium
1322 1021 1507 1066 inspicere
1548 1022 1645 1055 mihi
1687 1034 1762 1055 non

214 1091 387 1137 contigit.

313 1158 379 1190 Est
406 1158 496 1192 haec
526 1159 652 1202 Clytra
679 1156 825 1189 mediae
853 1155 1149 1201 magnitudinis,
1192 1157 1245 1189 Cl.
1276 1167 1454 1199 cyaneam
1484 1167 1662 1200 aequans,
1707 1168 1766 1200 cy-

212 1225 384 1258 lindrica.
464 1226 605 1268 Corpus
646 1231 771 1256 totum
809 1222 921 1255 viridi
965 1223 1211 1266 coeruleoque
1245 1222 1393 1258 nitens,
1440 1223 1641 1266 splendens
1677 1224 1764 1265 fere,

211 1292 364 1337 punctis
394 1290 600 1335 impressis,
646 1301 740 1334 quae
768 1290 810 1322 in
837 1289 966 1333 elytris
995 1290 1179 1322 crebriora
1207 1296 1244 1322 et
1271 1289 1475 1322 subseriata
1501 1298 1601 1323 sunt.

316 1359 439 1402 Caput
472 1357 572 1391 inter
605 1358 731 1390 oculos
767 1356 952 1401 profunde
987 1357 1232 1401 impressum:
1281 1357 1382 1389 oculi
1415 1357 1532 1402 nigri:
1579 1365 1764 1390 antennae

215 1426 294 1459 basi
321 1425 494 1468 flav-idae,
535 1425 693 1458 articulo
720 1424 836 1457 basali
863 1423 976 1456 viridi
1016 1424 1175 1456 nitente.

316 1493 466 1526 Thorax
492 1500 740 1534 transversus,
783 1491 825 1523 in
853 1490 977 1523 medio
1006 1491 1196 1537 globosus,
1243 1490 1367 1523 antice
1402 1491 1614 1536 angustior,
1657 1491 1764 1523 undi-

215 1571 288 1604 que
323 1559 512 1592 subtiliter
541 1558 795 1604 marginatus,
836 1558 881 1591 ad
914 1558 1029 1590 latera
1061 1558 1147 1602 plus
1183 1568 1297 1600 quam
1331 1557 1373 1588 in
1407 1557 1512 1589 dorso
1546 1565 1763 1601 punctatus,

214 1626 337 1659 addita
376 1626 521 1660 foveola
559 1626 604 1659 ad
636 1633 842 1669 utrumque
874 1626 984 1659 latus.
1062 1624 1273 1657 Scutellum
1308 1635 1491 1669 magnum
1523 1624 1765 1669 triangulare,
1799 1666 1802 1670 ἡ

212 1701 458 1738 punctatum,
495 1693 638 1737 postice
665 1694 863 1726 elevatum.

313 1761 442 1804 Elytra
475 1760 644 1806 margine
679 1768 831 1792 externo
865 1772 883 1792 a
921 1759 998 1791 basi
1035 1758 1077 1791 ad
1113 1757 1259 1802 apicem
1294 1766 1329 1790 et
1364 1769 1482 1801 usque
1517 1760 1561 1791 ad
1594 1767 1763 1791 suturam

213 1830 288 1861 late
324 1828 498 1861 coccineo
534 1839 598 1860 seu
633 1829 730 1860 laete
765 1827 867 1869 rufo,
917 1827 981 1870 qui
1017 1827 1118 1858 color
1145 1825 1188 1858 ad
1218 1825 1372 1857 axillam
1401 1833 1436 1858 et
1465 1825 1609 1871 apicem
1639 1826 1764 1871 ipsum

214 1896 392 1929 dilatatus
435 1903 504 1939 est,
558 1895 599 1927 in
639 1895 816 1939 plurimis
856 1893 1129 1938 speciminibus
1173 1893 1333 1925 mortuis
1376 1901 1502 1925 autem
1539 1904 1766 1939 magnopere

214 1961 411 1996 evanescit.

314 2028 525 2063 Clarissimi
552 2028 731 2062 Latreille
760 2030 813 2062 (jl.
841 2029 1051 2075 marginata
1079 2025 1195 2069 (Hist.
1223 2027 1330 2059 Tom.
1352 2026 1415 2059 XI.
1442 2039 1525 2074 pag.
1544 2027 1649 2068 359.)
1679 2027 1765 2060 esum

213 2098 282 2129 hac
316 2104 441 2129 nostra
475 2095 582 2128 nullo
610 2096 720 2128 modo
755 2104 809 2129 est
849 2095 1123 2130 confundenda.
1203 2093 1370 2137 Clyt-ram
1398 2093 1579 2127 dorsalem
1609 2094 1764 2127 Olivieri

215 2163 389 2208 [Entom.
424 2163 535 2196 Genr.
567 2165 626 2199 96.
655 2163 743 2196 Tab.
773 2164 820 2197 II.
853 2164 915 2209 sig.
943 2162 1024 2207 31.]
1070 2164 1114 2195 cl.
1144 2162 1287 2203 Dejean
1315 2161 1386 2194 hoe
1413 2162 1495 2194 loco
1525 2162 1660 2204 adfert,
1702 2162 1763 2193 sed

215 2241 292 2263 non
319 2238 436 2272 recte,
481 2237 525 2263 ut
551 2230 650 2263 mihi
677 2230 836 2264 videtur.
909 2232 999 2263 Icon
1035 2228 1192 2262 Olivieri
1223 2236 1405 2261 antennas
1442 2228 1556 2273 duplo
1585 2230 1659 2261 lere
1687 2230 1766 2261 lon-

215 2297 336 2344 giores
371 2298 479 2329 ocuio
515 2298 640 2341 offert,
688 2310 801 2342 quam
838 2299 891 2332 Cl.
928 2297 1081 2331 limbata
1110 2307 1167 2329 eas
1201 2296 1331 2337 habet,
1380 2304 1415 2328 et
1444 2295 1605 2327 limbum
1634 2297 1766 2339 elytro-

218 2376 304 2397 rum
331 2364 447 2409 duplo
475 2364 658 2398 latiorem.

1269 2592 1375 2631 30²
