2325 3286
958 424 1230 479 Saporda
1297 425 1594 474 Quercus.

505 557 586 601 Sap.
614 562 711 595 atra,
760 550 890 584 subtus
924 549 1098 595 flavido-,
1144 560 1256 594 supra
1289 548 1682 596 griseo-tomentosa‚
1729 551 1866 586 ver-tice
1898 553 2050 589 lineolis

551 628 727 665 quatuor,
767 616 918 650 thorace
946 617 1084 661 tribus,
1128 616 1333 661 elytrisque
1360 617 1514 661 punctis
1541 617 1661 651 tribus
1689 617 1805 650 flavis.

500 703 651 738 Habitat
685 701 727 734 in
761 699 972 746 Hunguria,
1025 699 1127 733 unde
1167 700 1209 733 ab
1245 701 1496 746 entomopolis
1538 700 1817 734 Viennensibus
1857 701 1957 736 mihi
1997 713 2051 738 est

551 769 674 802 missa.

599 867 785 913 Superdae
812 866 1023 911 populneae
1051 865 1194 910 affinis,
1239 865 1302 899 sed
1328 866 1449 907 major
1475 872 1514 899 et
1540 873 1681 900 statura
1708 867 1851 901 latiore.

598 952 719 995 Caput
746 957 889 991 atrum,
931 948 1118 993 profunde
1145 956 1392 993 punctatum,
1430 949 1526 983 facie
1551 950 1854 995 ssavo-hirsuta,
1902 951 1945 984 in
1977 963 2052 985 ver-

498 1020 570 1051 tice
597 1016 707 1048 lineis
738 1015 878 1047 duabus
907 1014 1031 1058 flavis,
1066 1015 1109 1048 ab
1136 1015 1255 1048 oculis
1285 1015 1330 1048 ad
1358 1015 1551 1049 thoracem
1578 1016 1701 1050 ductis
1730 1025 1767 1051 et
1795 1017 1879 1051 aliis
1908 1018 2050 1052 duabus

497 1082 615 1128 parvis
656 1082 696 1114 in
736 1081 842 1113 dorso
878 1080 1039 1114 verticis.
1118 1084 1383 1116 Antennarum
1417 1082 1572 1116 articuli
1607 1083 1648 1116 in
1682 1083 1762 1117 basi
1796 1084 1951 1128 cinerei,
2008 1085 2047 1118 in

496 1150 600 1195 apice
627 1148 709 1181 atri.

596 1232 745 1265 Thorax
773 1230 1019 1275 cylindricus,
1062 1231 1104 1264 in
1125 1232 1249 1265 medio
1272 1233 1401 1277 paullo
1425 1233 1669 1278 incrassatus,
1710 1236 1864 1279 punctis
1888 1236 2048 1282 magnis,

496 1298 706 1333 numerosis
741 1297 951 1341 impressis:
996 1297 1129 1330 subtus
1163 1298 1297 1331 flav-ido
1330 1305 1584 1344 tomentosus,
1636 1312 1748 1345 supra
1779 1303 1892 1336 lineis
1929 1303 2048 1337 tribus

495 1365 596 1399 flavis
626 1364 836 1408 distinctis,
877 1363 1090 1408 continuis,
1131 1363 1491 1411 longitudinalibus.

593 1449 721 1492 Elytra
749 1448 927 1493 oblonga,
965 1447 1071 1492 apice
1100 1447 1269 1495 integr03
1311 1456 1406 1493 atra,
1443 1448 1532 1493 pilis
1561 1449 1735 1483 minimis
1764 1453 2048 1486 canescentibus

494 1516 794 1558 subtomentosa,
840 1514 993 1558 punctis
1026 1514 1365 1559 numerosissimis,
1411 1515 1596 1559 profunde
1627 1517 1839 1561 impressis:
1890 1519 2049 1553 maculis

496 1582 614 1615 tribus
651 1583 741 1619 (nec
768 1579 962 1624 pluribus)
998 1580 1189 1614 distinctis
1217 1582 1320 1615 flavis
1349 1581 1391 1615 in
1423 1582 1586 1629 singulis
1615 1584 1762 1628 elytris,
1806 1596 1825 1617 e
1852 1585 1941 1630 pilis
1970 1598 2049 1631 par-

496 1647 550 1680 vis
579 1646 703 1680 densis
733 1646 926 1680 confectis.

595 1728 788 1762 Abdomen
816 1729 947 1762 subtus
976 1740 1065 1762 cum
1092 1729 1250 1774 pedibus
1282 1740 1422 1776 atrum,
1468 1733 1602 1767 ssavido
1631 1734 1817 1779 viridique
1847 1736 1968 1782 griseo
1998 1746 2049 1770 to-

495 1809 531 1830 m
538 1804 708 1830 entosum
715 1822 721 1827 .

594 1879 733 1912 Disiert
771 1891 791 1912 a
825 1880 858 1912 S.
899 1881 1090 1924 populnea
1123 1889 1268 1924 praeter
1303 1882 1612 1929 magnitudinem
1639 1886 1865 1929 plerumque
1893 1888 2047 1931 amplio-

496 1958 590 1980 rem:
648 1953 880 1990 punctorum
916 1947 1187 1991 impressorum
1219 1960 1377 1981 numero
1413 1951 1552 1992 majore
1594 1958 1629 1983 et
1672 1959 1861 1996 punctura
1895 1955 2046 1997 profun-

497 2014 614 2046 diore:
665 2013 777 2046 lineis
812 2013 853 2046 in
888 2013 1026 2047 vertice
1061 2022 1222 2058 quatuor
1255 2015 1461 2059 distinctis,
1508 2027 1668 2060 quarum
1702 2018 1743 2050 in
1778 2019 1810 2051 S.
1838 2030 1922 2064 pop.
1952 2021 2045 2054 duae

496 2079 779 2122 tantummon
825 2090 961 2124 eaeque
995 2080 1115 2127 magis
1150 2082 1335 2115 obsoletae
1369 2091 1476 2116 sunt:
1522 2083 1715 2128 pilositate
1743 2086 1948 2128 elytrorum
1976 2089 2045 2120 for-

496 2145 605 2179 tiore:
648 2146 806 2178 maculis
835 2147 1040 2190 elytrorum
1068 2149 1305 2182 solummodo
1333 2149 1471 2192 tribus,
1513 2161 1671 2194 quarum
1701 2150 1742 2183 in
1778 2152 1810 2184 S.
1839 2163 1922 2197 pop.
1960 2165 2044 2196 qua-

498 2222 583 2246 tuor
609 2213 668 2245 vel
695 2212 818 2257 plures
846 2213 1037 2247 interdum
1066 2214 1214 2247 adsunt.
