2310 3292
1681 335 1756 373 225

636 436 958 492 Saperda
1014 434 1329 491 virgula.

207 551 288 595 Sap.
316 549 441 596 nigra,
483 548 605 592 capite
632 548 858 590 thoraceque
883 545 1022 590 piloso,
1061 544 1225 578 thoracis
1254 544 1296 576 in
1324 543 1429 577 dorso
1457 542 1580 575 antice
1609 542 1755 575 macula

256 617 355 649 rufa:
394 616 598 649 femoribus
626 614 668 647 in
696 613 820 647 medio
847 612 947 645 rufis.

206 699 360 733 Habitat
390 699 432 732 in
460 697 661 732 Dalmatia.

312 783 493 827 Saperdae
520 780 700 813 Lineolae
727 778 887 812 Fabricii
913 777 1079 811 maxime
1106 774 1249 817 affinis,
1290 774 1431 807 diversa
1458 783 1586 807 tamen
1614 783 1651 808 et
1678 775 1759 819 qui-

207 850 293 882 dem
319 849 379 881 his
407 847 592 892 partibus:
650 849 685 887 1)
722 853 863 879 statura
890 843 1125 890 angustiore,
1168 841 1358 887 longiore3
1411 844 1450 881 2)
1484 842 1606 885 capite
1634 843 1756 874 multo

205 915 354 957 latiore,
408 921 445 947 et
484 914 608 946 fronte
641 914 771 957 plana,
825 923 920 956 quae
953 911 995 944 in
1029 911 1063 944 S.
1097 909 1165 943 lin.
1203 909 1351 942 tumida
1387 908 1463 941 sive
1498 907 1649 953 globosa
1683 916 1757 951 est,

205 984 243 1022 5)
273 981 425 1014 thorace
451 981 645 1026 elongato,
684 986 800 1017 recto,
844 979 911 1022 qui
938 978 980 1011 in
1008 978 1041 1011 S.
1067 976 1135 1011 lin.
1160 976 1306 1008 brevior
1333 983 1370 1008 et
1398 975 1438 1008 in
1466 974 1644 1007 lateribus
1674 986 1759 1007 con-

206 1059 318 1081 vexus
347 1055 423 1091 est3
476 1048 515 1087 4)
550 1047 672 1091 capite
699 1047 927 1090 thoraeeque
954 1045 1059 1078 valde
1085 1043 1241 1089 pilosis;
1292 1043 1332 1085 5)
1366 1043 1486 1088 figura
1514 1050 1551 1075 et
1577 1042 1654 1074 situ
1683 1053 1758 1074 ma-

206 1115 312 1148 culae
346 1126 478 1159 parvae
509 1114 614 1147 rufae
646 1113 688 1145 in
720 1113 884 1146 thoracis
921 1112 1037 1145 dorso.
1116 1110 1216 1143 Haec
1254 1111 1403 1142 macula
1436 1118 1492 1143 est
1527 1110 1688 1143 rotunda
1721 1117 1758 1142 et

205 1193 304 1227 pone
331 1181 542 1228 marginem
570 1179 731 1213 thoracis
760 1179 931 1211 anticum
959 1177 1096 1222 posita:
1145 1177 1185 1208 in
1214 1177 1247 1209 S.
1276 1176 1416 1209 lineola
1452 1185 1507 1209 est
1533 1177 1695 1223 oblonga
1723 1186 1759 1211 et

206 1249 248 1282 in
276 1249 400 1282 medio
427 1249 578 1281 thorace
603 1246 743 1290 posita3
798 1247 836 1285 6)
872 1245 1080 1289 elytrorum
1112 1243 1266 1287 punctis
1301 1243 1473 1286 pluribus
1502 1243 1695 1287 impressis
1723 1253 1759 1277 et

206 1316 427 1358 majoribus3
468 1316 507 1355 7)
534 1312 710 1346 antennis
738 1311 937 1354 brunneis,
982 1322 1076 1355 quae
1104 1310 1146 1342 in
1174 1310 1207 1342 S.
1235 1310 1304 1342 lin.
1333 1309 1462 1355 nigrae
1491 1317 1601 1352 sunt,
1645 1312 1682 1351 8)
1711 1311 1761 1343 fe-

206 1384 373 1416 moribus
406 1389 559 1415 tantum
594 1380 636 1412 in
669 1379 794 1413 medio
822 1379 929 1422 rufis,
977 1390 1071 1422 quae
1098 1377 1140 1410 in
1169 1377 1202 1410 S.
1229 1376 1298 1409 lin.
1325 1376 1407 1408 rufa
1434 1383 1512 1408 tota
1540 1384 1645 1409 sunt:
1691 1378 1761 1410 for-

206 1459 302 1484 taSse
329 1458 457 1483 tamen
484 1448 554 1481 hOC
583 1446 739 1493 Signum
766 1457 844 1479 non
871 1453 1017 1479 Certum
1049 1452 1086 1478 θῒ.
1114 1444 1215 1477 ΟΟῙΟΓ
1240 1444 1430 1477 femOI'Uffl
1457 1442 1602 1476 varians
1631 1452 1695 1477 est.

597 1692 942 1734 Callidium
1008 1692 1370 1748 glabrertum.

209 1813 301 1845 Call.
331 1811 565 1856 depressum,
608 1811 799 1856 glabrum,
840 1809 1008 1851 luteum,
1054 1808 1205 1840 thorace
1238 1807 1443 1840 tuberculis
1479 1808 1650 1852 pluribus
1686 1809 1761 1854 gla-

256 1878 441 1911 brioribus
469 1885 579 1910 tecto.

211 1962 364 1995 Habitat
397 1961 438 1994 in
465 1959 671 2007 Hungaria.

310 2046 410 2078 Dahl
438 2046 509 2078 hoc
538 2042 744 2078 Canidium
772 2042 817 2074 ad
848 2053 909 2074 me
941 2041 1048 2075 misit
1080 2043 1147 2074 sub
1183 2041 1338 2075 nomine
1376 2043 1415 2074 C.
1443 2041 1621 2073 castanei:
1663 2043 1761 2085 quod

209 2123 293 2145 vero
322 2123 463 2145 nornen
490 2111 579 2156 quia
607 2109 722 2143 celeb.
752 2108 911 2153 Paykull
940 2109 1015 2150 jam
1043 2109 1109 2142 alii
1138 2109 1281 2142 insecto
1310 2108 1510 2152 imposuit,
1556 2108 1659 2141 aliud
1687 2117 1761 2141 erut

209 2179 526 2212 substituendum.

311 2246 377 2279 Est
405 2258 424 2279 e
452 2244 684 2288 minoribus,
720 2243 948 2290 oblongum,
985 2242 1222 2287 depressum,
1258 2236 1433 2275 antennis
1462 2240 1660 2274 abdomine
1686 2242 1763 2274 bre-

208 2312 390 2346 vioribus:
438 2311 607 2356 undique
648 2310 841 2357 glabrum,
887 2310 1036 2351 nitens,
1084 2310 1173 2354 pilis
1210 2309 1383 2342 minimis
1420 2307 1658 2352 paucioribus
1698 2309 1757 2341 vix

209 2379 405 2413 sericeum.

312 2446 461 2478 Thorax
496 2444 641 2477 modice
675 2444 866 2490 globosus,
914 2454 1024 2487 supra
1060 2443 1171 2475 habet
1204 2442 1399 2475 tubercula
1427 2454 1487 2475 sex
1515 2450 1578 2475 aut
1605 2450 1759 2486 septem,

211 2523 371 2557 quorum
399 2511 612 2556 superficies
640 2510 784 2553 reliqua
813 2509 974 2542 thoracis
1002 2517 1105 2554 parte
1139 2517 1193 2542 est
1221 2508 1392 2555 glabrior.

1312 2577 1359 2609 29
