2325 3286
475 339 548 374 214

577 439 684 472 Hanc
717 437 913 472 Cetoniam
948 446 992 466 ex
1018 431 1202 478 Hispania
1235 439 1272 465 et
1298 431 1497 465 Lusitania
1524 444 1663 480 magno
1690 435 1817 481 accepi
1845 446 2022 470 numero:

475 517 518 539 ex
552 505 745 551 Hungaria
778 503 845 536 sub
880 499 1037 534 nomine
1074 501 1152 534 Cet.
1185 498 1365 545 vulpinae
1396 498 1441 532 de
1467 499 1684 534 Muehlfeld
1710 509 1748 535 et
1776 504 1854 537 Cet.
1879 504 2023 549 pilosae

475 572 639 618 Ziegleri
674 581 823 603 mecum
856 567 1135 601 communicata
1167 574 1234 600 est.
1310 567 1370 599 An
1403 565 1533 599 eadem
1568 566 1618 600 sit
1644 574 1757 612 atque
1783 569 1868 614 illa,
1909 582 2024 615 quam

473 640 519 672 cl.
546 639 689 680 Dejean
716 636 756 669 in
786 636 961 680 Catalogo
989 646 1056 668 suo
1082 646 1165 681 pag.
1189 637 1247 671 62.
1281 634 1349 667 sub
1378 634 1536 667 nomine
1563 635 1641 668 Cet.
1666 634 1809 679 pilosae
1835 638 2024 683 produxit,

473 705 609 738 nescio.
670 705 749 738 Cet.
775 704 955 736 seniorata
981 701 1139 748 illigeri,
1173 701 1294 747 (Mag.
1323 701 1431 735 Tom.
1457 702 1503 734 II.
1529 712 1614 748 pag.
1632 704 1741 744 231.)
1770 714 1789 736 e
1810 703 2020 748 Lusitania,

474 773 582 806 nullo
610 771 720 805 modo
749 770 794 804 ad
821 771 918 803 hanc
946 769 1076 802 referri
1102 776 1236 813 potest.
1313 768 1529 813 Cetoniam,
1571 780 1685 814 quam
1713 769 1868 803 Germar
1893 770 1936 803 in
1961 770 2027 804 Iti-

474 849 563 871 nere
603 837 823 872 Dalmatino
861 849 944 883 pag.
979 837 1064 871 214.
1105 847 1172 880 pro
1204 835 1381 869 varietate
1418 835 1597 870 Cetoniae
1629 835 1752 870 hirtae
1785 837 1875 882 pilis
1910 837 2025 872 luteis

474 913 613 939 tectam
642 906 775 944 adfert,
813 912 979 938 nostram
1008 914 1085 936 esse
1114 903 1191 936 Cet.
1220 903 1395 937 crinitam
1423 903 1566 949 opinor.

914 1169 1200 1209 Lucanus
1261 1167 1585 1224 oblongus.

477 1280 566 1311 Luc.
602 1289 752 1324 corpore
787 1279 976 1322 depresso,
1023 1278 1331 1311 mandibularum
1365 1276 1475 1309 dente
1508 1275 1656 1310 laterali
1689 1278 1849 1322 elevato,
1898 1281 2027 1324 elytris

527 1346 698 1386 sulcatis,
754 1354 790 1378 ei
829 1345 981 1389 punctis
1022 1344 1214 1389 impressis
1253 1344 1296 1376 in
1328 1343 1460 1377 sulcis:
1514 1343 1703 1377 foeminae
1744 1346 1874 1390 clypeo
1912 1347 2025 1380 nudo.

476 1427 629 1461 Habitat
656 1429 697 1461 in
725 1429 917 1462 montibus
945 1428 1155 1472 Pyrenaeis.

579 1513 700 1546 Tama
739 1514 818 1555 ejus
860 1520 915 1545 est
954 1523 1043 1544 cum
1086 1513 1177 1544 Luc.
1217 1510 1532 1555 parallelepipedo
1574 1509 1803 1556 similitudo,
1858 1521 1901 1546 ut
1938 1525 2027 1546 eum

478 1581 586 1613 nullo
620 1580 730 1612 modo
762 1591 827 1624 pro
861 1579 985 1624 specie
1017 1578 1168 1623 propria
1207 1586 1244 1611 et
1275 1578 1458 1623 peculiari
1493 1578 1735 1623 declararem,
1782 1579 1859 1612 nisi
1889 1580 1932 1613 ab
1960 1580 2028 1614 illo

477 1647 538 1680 his
566 1647 732 1691 partibus
766 1647 947 1679 differret:

532 1717 566 1753 1)
603 1713 803 1747 Foeminae
831 1714 984 1758 clypeus
1013 1720 1067 1745 est
1095 1712 1238 1755 nudus,
1287 1710 1434 1745 scilicet
1461 1712 1543 1745 sine
1571 1712 1650 1744 ullo
1679 1712 1837 1758 vestigio
1868 1712 2030 1747 duorum

604 1781 889 1814 tuberculorum
915 1792 978 1813 seu
1007 1787 1238 1824 punctorum
1265 1779 1513 1822 elevatorum,
1556 1790 1650 1822 quae
1684 1779 1851 1812 foemina
1882 1780 2029 1814 Lucani

603 1849 731 1892 parall.
766 1849 888 1894 habet.
967 1849 1011 1880 In
1052 1847 1191 1891 Clypeo
1231 1846 1420 1879 foeminae
1462 1847 1503 1879 L.
1543 1845 1697 1892 oblongi
1731 1854 1872 1890 puncta
1907 1848 2028 1880 multo

605 1915 850 1960 profundiora
877 1922 967 1948 sunt
994 1914 1191 1958 impressa,
1231 1926 1346 1958 quani
1372 1914 1414 1946 in
1442 1912 1565 1957 specie
1594 1913 1718 1945 altera.

530 1984 568 2021 2)
603 1983 730 2026 Elytra
756 1983 942 2027 profunde
970 1982 1111 2014 sulcata
1138 1988 1243 2020 sunt,
1298 1988 1335 2014 et
1367 1979 1411 2012 in
1437 1980 1630 2013 sulcorum
1663 1979 1767 2012 dorso
1801 1988 1838 2013 et
1865 1980 2030 2014 intersti-

607 2049 670 2082 iiis
699 2061 829 2082 eorum
856 2057 997 2094 puncta
1025 2048 1246 2082 creberrima
1278 2046 1467 2091 impressa.

532 2118 570 2157 3)
609 2116 757 2149 Statura
783 2118 902 2162 magis
932 2119 1106 2163 elongata
1134 2123 1199 2150 est.

532 2183 571 2222 4)
606 2184 751 2217 Puncta
782 2184 824 2216 in
858 2195 958 2217 mare
992 2192 1028 2217 et
1060 2183 1226 2217 foemina
1262 2183 1441 2227 impressa
1476 2182 1598 2214 multo
1634 2182 1774 2223 majora
1808 2187 1845 2214 et
1878 2181 2031 2225 profun-

609 2250 711 2284 diora
737 2259 837 2285 sunt.

584 2317 668 2351 Sola
701 2319 819 2362 elytra
855 2319 998 2351 sulcata
1030 2318 1144 2359 hujus
1187 2315 1333 2350 Lucani
1374 2315 1418 2348 de
1457 2314 1671 2348 diversitate
1704 2315 1782 2357 ejus
1824 2325 1843 2347 a
1876 2315 2029 2348 Lucano

485 2384 613 2428 parali.
640 2385 739 2418 mihi
763 2396 840 2418 non
866 2385 1152 2430 persuasissent,
1194 2383 1282 2428 quia
1314 2383 1424 2427 plura
1451 2383 1659 2426 coleoptera
1691 2381 1733 2414 in
1763 2382 1870 2427 ligno
1897 2381 2031 2428 degen-

487 2450 540 2484 tia
566 2459 603 2484 et
630 2453 756 2496 elytris
783 2453 975 2497 punctatis
1004 2460 1041 2485 et
1070 2451 1259 2498 rugulosis
1287 2448 1472 2482 instructa
1498 2448 1692 2482 interdum
1718 2448 1838 2482 lineas
1864 2448 2032 2494 longitu-

487 2516 629 2552 dinales
665 2519 749 2563 plus
790 2521 964 2552 minusve
1005 2519 1164 2552 elevatas
1204 2517 1419 2552 ostendunt.
1498 2517 1604 2549 Hanc
1633 2516 1854 2559 qualitatem
1882 2516 2032 2553 habent,
