2325 3286
556 315 625 349 196

652 413 863 447 Scutellum
905 419 1104 453 magnum,
1165 415 1306 450 atrum,
1366 407 1631 452 rotundatum,
1683 410 1785 443 linea
1823 411 2099 458 longitudinali

550 482 741 526 impressa.

649 547 776 589 Elytra
808 543 982 587 oblonga,
1032 541 1073 573 in
1107 540 1232 573 medio
1262 541 1464 584 paululum
1499 541 1670 584 dilatata,
1711 549 1805 586 atra,
1845 547 1997 588 punctis
2025 547 2095 581 im-

546 613 679 659 pressis
716 609 991 643 confluentibus
1028 608 1167 651 scabra,
1215 608 1295 640 basi
1329 608 1474 654 glabra3
1527 609 1669 651 adjecta
1697 617 1752 642 est
1778 610 1880 644 linea
1907 624 1984 647 una
2010 616 2099 648 alte-

546 691 628 713 rave
653 676 947 724 longitudinalis
976 676 1116 708 elevata
1148 675 1210 707 vix
1237 675 1449 719 conspicua.

596 783 599 786 ‚
646 747 779 780 Pectus
802 752 946 787 atrum3
985 742 1167 775 abdomen
1190 742 1355 787 fulvum,
1397 742 1557 775 maculis
1579 742 1707 787 paucis
1731 744 1867 777 fuscis:
1903 755 2098 793 segmento

546 813 683 846 ultimo
711 813 817 845 valde
845 819 882 844 et
909 817 1016 843 acute
1044 809 1178 842 exciso.

644 880 797 912 Femora
825 886 918 910 atra:
965 876 1080 909 tibiae
1108 877 1501 909 obscuro-testaceam
1542 877 1632 909 tarsi
1658 877 1768 911 fusci.

642 946 930 979 Animalculum
967 944 1010 975 ob
1043 943 1205 975 thoracis
1241 943 1430 987 margines
1467 945 1637 976 laterales
1673 945 1813 979 excisos
1842 954 1878 979 et
1904 946 2026 980 foveas
2056 947 2095 979 in

542 1012 703 1046 thoracis
732 1012 837 1044 dorso
864 1009 1067 1055 profundas
1096 1008 1258 1054 insigne.
1507 1029 1520 1032 -

967 1225 1255 1264 Ptinus
1329 1224 1664 1280 regalis,

1168 1313 1248 1341 Tab.
1275 1314 1312 1341 V.
1351 1313 1404 1352 fig.
1430 1314 1458 1344 4.

537 1410 592 1443 Pt.
619 1409 819 1455 oblongus,
858 1409 1010 1441 thorace
1038 1408 1207 1454 globOSO,
1252 1406 1434 1450 utrinque
1468 1407 1758 1441 albomaculato:
1807 1408 1938 1452 elytris
1964 1410 2092 1454 fuscis,

586 1476 734 1510 macula
766 1477 859 1508 flava
892 1475 937 1508 ad
969 1475 1174 1508 scutellum
1209 1481 1246 1505 et
1276 1473 1392 1506 altera
1418 1474 1500 1506 alba
1527 1474 1571 1506 ad
1599 1474 1795 1519 humeros,
1841 1483 1878 1509 et
1906 1477 2018 1510 tertia
2046 1477 2092 1510 si-

589 1551 704 1576 nuata
731 1542 876 1586 apicem
899 1554 1038 1575 versus.

686 1608 757 1644 Dej.
783 1609 850 1637 Cat.
880 1617 949 1646 pag.
975 1608 1025 1638 41.
1070 1608 1116 1635 Pt.
1143 1616 1207 1645 reg.
1233 1605 1380 1644 Ziegleri.

538 1667 691 1701 Habitat
717 1668 758 1700 in
786 1667 952 1711 Ausum,
998 1666 1061 1699 sed
1088 1677 1202 1699 rarus.

636 1751 783 1797 Illiger,
824 1752 951 1784 beatae
978 1749 1200 1793 memoriae,
1250 1749 1292 1782 in
1325 1761 1448 1794 opere:
1504 1749 1563 1782 die
1596 1751 1706 1783 Kiifer
1732 1752 1955 1795 Preussens,
2005 1764 2088 1798 pag.

538 1818 622 1854 345.
658 1818 764 1851 omni
796 1819 878 1860 jure
911 1818 1019 1854 dicit,
1063 1817 1220 1850 Ptinum
1256 1816 1494 1861 imperialem
1521 1817 1703 1851 idoneum
1732 1819 1964 1852 constituere
1991 1827 2089 1852 tran-

539 1885 656 1918 situm
684 1886 728 1918 de
753 1885 875 1918 Ptinis
904 1885 948 1918 ad
983 1884 1132 1917 Anobia.
1217 1884 1322 1916 Idem
1358 1884 1456 1916 valet
1488 1884 1532 1916 de
1565 1885 1619 1917 Pt.
1656 1886 1792 1932 regali,
1837 1885 1903 1931 qui
1943 1886 2089 1919 ratione

538 1959 701 1985 staturae
728 1963 954 1998 magnopere
982 1964 1070 1985 cum
1099 1953 1155 1985 Pt.
1182 1951 1371 1996 imperiali
1400 1951 1587 1985 convenit.

638 2020 717 2051 Hae
752 2019 846 2052 duae
879 2019 1077 2052 Ptinorum
1110 2019 1250 2063 species
1287 2018 1564 2062 quodammodo
1596 2030 1615 2051 a
1642 2019 1800 2064 reliquis
1829 2020 2009 2053 recedunt
2036 2032 2088 2053 re-

537 2092 668 2130 spectu
702 2086 818 2118 totius
852 2087 1002 2119 habitus
1036 2094 1074 2118 et
1105 2086 1325 2130 praesertim
1359 2086 1542 2129 thoracis,
1590 2086 1657 2130 qui
1691 2087 1820 2120 minus
1857 2089 2023 2121 elevatus
2053 2096 2089 2120 et

536 2164 615 2186 non
641 2153 896 2186 tuberculatus
925 2161 997 2196 est,
1039 2154 1159 2197 qualis
1188 2154 1228 2186 in
1254 2153 1412 2197 reliquis
1440 2152 1561 2185 Ptinis
1598 2164 1675 2186 esse
1709 2155 1814 2187 solet.
1892 2156 2013 2200 Quare
2045 2167 2089 2188 ex

536 2219 613 2252 illis
641 2220 872 2264 peculiarem
898 2220 1193 2254 subdivisionem
1221 2232 1286 2254 seu
1312 2220 1499 2253 familiam
1527 2221 1641 2263 hujus
1672 2222 1819 2267 generis
1853 2221 2086 2255 constituere

534 2287 657 2320 liceat.

638 2355 778 2399 Corpus
812 2355 916 2388 Ptini
949 2355 1084 2402 regalis
1120 2361 1175 2387 est
1209 2354 1436 2401 oblongum,
1476 2355 1608 2388 subtus
1635 2355 1803 2400 fuscum,
1842 2355 1932 2400 pilis
1959 2355 2085 2400 parvis

536 2419 666 2465 griseis
693 2428 855 2454 tectum:
898 2430 1012 2467 caput
1038 2423 1250 2455 flavescens.
1327 2423 1476 2455 Thorax
1508 2421 1749 2465 rotundatus,
1795 2422 1978 2455 nonnihil
2013 2423 2087 2455 ele-

536 2493 658 2531 vatus,
697 2488 971 2533 subcarinatus,
1011 2490 1156 2534 fuscus,
1202 2489 1394 2534 superiore
1419 2497 1525 2534 parte
1547 2501 1659 2534 parvo
1684 2490 1804 2534 spatio
1825 2490 1959 2533 flavus,
1995 2501 2082 2522 cum
