2325 3286
467 310 541 344 210

466 408 552 442 dam
584 405 880 453 longitudinales
916 403 1167 436 constituunt.
1243 403 1361 446 Prope
1399 410 1572 437 suturam
1606 411 1697 437 sunt
1729 405 1889 451 rugulae
1923 415 2017 439 non-

467 475 596 508 nullae
622 473 892 506 transversales.

565 538 701 582 Reperi
720 539 825 570 hunc
847 535 1091 568 Scarabaeum
1112 533 1274 567 Liburni
1301 541 1338 567 et
1362 534 1592 568 Florentiae:
1637 537 1767 580 accepi
1792 548 1881 571 eum
1903 539 2019 573 etiam

464 619 484 640 e
510 607 686 650 Tergeste
720 603 787 635 sub
815 603 972 636 nomine
999 602 1054 636 Sc.
1081 601 1260 648 glabrati,
1303 601 1463 646 Hoppii:
1509 602 1572 637 sed
1599 602 1642 637 in
1677 603 1825 648 scriptis
1853 605 2018 649 publicis

466 674 536 706 hoc
564 682 705 704 nomen
731 681 809 703 non
835 670 925 704 vidi.

871 866 1195 921 Aphodius
1257 867 1608 921 orophiIUS.

463 979 560 1024 Aph.
589 976 788 1010 abdomine
818 976 940 1019 luteo,
981 983 1147 1019 pectore,
1188 975 1346 1019 pedibus
1377 976 1604 1020 thoraceque
1630 975 1893 1021 rufo-piceis,
1937 977 2020 1010 tho-

514 1043 607 1076 racis
634 1043 783 1088 angulis
813 1041 949 1074 enticis
976 1041 1140 1085 flavidis,
1185 1041 1313 1085 elytris
1340 1042 1442 1074 rufis.

464 1110 619 1143 Habitat
645 1110 687 1142 in
715 1109 868 1142 Silesiae
896 1108 1102 1141 montibus.

566 1176 738 1221 Aphodio
766 1175 951 1209 simetario
982 1182 1019 1208 et
1044 1175 1205 1208 foetenti
1234 1175 1376 1219 affinis,
1414 1175 1478 1208 sed
1501 1186 1647 1220 semper
1666 1174 1793 1208 minor
1814 1182 1851 1208 et
1878 1174 2019 1210 statura

466 1243 590 1276 antice
619 1250 817 1286 coarctata,
862 1242 990 1275 minus
1020 1242 1140 1288 igitur
1168 1230 1384 1286 cylindrica.

570 1312 691 1355 Caput
719 1322 806 1343 cum
833 1310 964 1353 clypeo
999 1316 1037 1341 et
1071 1308 1248 1340 antennis
1281 1315 1407 1341 exacte
1434 1315 1478 1340 ut
1504 1307 1546 1341 in
1580 1308 1676 1352 Aph.
1709 1309 1826 1344 simet.
1853 1319 2021 1345 constru-

466 1384 582 1410 ctum.
660 1377 810 1409 Thorax
837 1375 958 1421 magis
986 1375 1176 1421 globosus,
1215 1376 1293 1408 fere
1319 1383 1363 1408 ut
1390 1375 1432 1408 in
1459 1375 1554 1419 Aph.
1581 1374 1766 1420 foetente,
1803 1377 1866 1411 sed
1894 1379 2019 1413 antice

464 1444 571 1477 valde
598 1450 814 1476 attenuatus
843 1443 920 1475 sive
948 1450 1172 1476 coarctatus:
1216 1450 1273 1476 est
1300 1442 1435 1476 coloris
1463 1453 1611 1487 semper
1637 1442 1720 1475 rufo
1737 1443 1882 1489 -picei,
1923 1457 2020 1490 pun·

467 1511 536 1544 ctis
565 1511 797 1543 creberrimis
826 1509 1038 1554 impressis,
1073 1510 1197 1543 antice
1225 1510 1270 1542 ad
1297 1510 1472 1555 angulos,
1513 1510 1662 1542 macula
1688 1510 1842 1555 flavide,
1876 1512 2021 1557 postice

465 1577 713 1622 perdistincte
749 1576 993 1622 marginatus.

569 1644 780 1677 Scutellum
807 1651 942 1676 atrum.
1019 1644 1147 1687 Elytra
1175 1643 1332 1678 elevata,
1380 1650 1417 1675 et
1444 1650 1488 1675 ut
1514 1642 1556 1674 in
1583 1643 1679 1687 Aph.
1708 1644 1894 1678 fimetario
1921 1658 2020 1680 com-

467 1718 612 1756 parata,
660 1711 723 1743 sed
748 1710 890 1755 postice
918 1710 1049 1743 latiora
1077 1717 1113 1742 et
1140 1710 1261 1743 colore
1288 1710 1371 1742 rufo
1399 1709 1520 1755 magis
1546 1709 1588 1742 in
1616 1710 1766 1744 luteum
1792 1721 1980 1759 vergente.

566 1779 706 1810 Venter
732 1778 872 1809 luteus:
907 1784 1039 1821 pectus
1067 1788 1154 1809 cum
1181 1777 1339 1821 pedibus
1366 1777 1497 1810 rufum
1523 1777 1582 1810 vel
1608 1778 1888 1824 rufo-piceum,
1924 1793 2022 1815 nun—

468 1856 581 1889 quam
608 1852 744 1878 atrum.

567 1912 620 1944 Ab
648 1913 742 1956 Aph.
776 1912 943 1944 foetente
975 1910 1178 1955 praecipue
1211 1911 1464 1957 distinguitur
1490 1911 1610 1945 forma
1637 1912 1762 1946 antiee
1790 1916 2019 1961 angustiore,

469 1978 595 2023 elytris
624 1979 752 2012 minus
780 1978 950 2023 sulcatis,
990 1978 1267 2022 unicoloribus,
1309 1978 1567 2012 lucidioribus.

819 2175 1280 2217 Melolontha
1337 2191 1667 2232 papposa.

1037 2267 1116 2296 Tab.
1142 2268 1197 2296 IX.
1233 2267 1286 2307 fig.
1310 2272 1447 2300 2.1nas.

469 2341 578 2375 ’‘Mel.
614 2342 822 2388 nigricans,
873 2353 985 2387 supra
1017 2355 1198 2377 convexa:
1245 2345 1379 2377 thorax
1411 2344 1534 2377 hirtus
1570 2344 1750 2389 utrinque
1782 2346 2018 2392 rotundatas,

519 2416 648 2453 pectus
676 2410 864 2442 lanatum:
914 2410 1098 2444 abdomen
1133 2411 1314 2456 utrinque
1347 2411 1682 2445 albomaculatum:
1730 2412 1845 2446 tibiae
1870 2414 2016 2448 anticae

520 2477 685 2509 anterius
711 2477 935 2510 bidentatae.
